2432 3940
143 273 890 406 'nuuaoccnxxumncnn1⁹,
954 351 1013 410 η,

68 471 162 544 duus
185 473 312 562 quidem
334 471 495 540 Ravennae
517 470 667 556 babitus,
693 472 719 536 si
746 473 869 564 quando
898 471 1015 542 insole-

68 605 212 654 sterent
235 587 348 671 Suevi,
377 589 461 678 quasi
482 588 638 656 rediturus
666 587 700 655 in
722 609 855 678 regnum
875 609 1015 660 ostenta-

68 703 191 772 batur:
216 707 273 772 sed
295 729 358 775 non
380 705 511 774 excessit
535 702 638 776 Italia,
651 702 935 796 perduodeviginti
956 732 1014 778 an.

67 843 132 885 nos
150 849 163 909 3
191 823 439 911 consenuitque,
460 819 595 888 multum
616 819 782 886 imminuta
790 819 955 902 claritate,
976 827 1016 894 ob

64 936 215 1005 nimiam
241 938 365 1008 vivendi
385 934 589 1025 cupidinem.
611 933 700 1004 Idem
722 934 888 1004 Catualda
910 958 1017 1024 casus,

64 1074 187 1144 neque
212 1055 300 1123 aliud
321 1050 517 1146 perfugium:
539 1052 641 1141 pulsus
650 1050 730 1126 haud
738 1053 840 1122 multo
850 1069 917 1141 post
926 1053 1017 1122 Her-

64 1171 315 1236 mundurorum
338 1169 463 1258 opibus,
482 1167 523 1246 dc,
533 1167 652 1238 Vibilio
666 1169 746 1236 duce
753 1193 766 1258 ;
788 1185 1017 1262 receptusque,

62 1283 209 1350 Forum
229 1283 360 1372 Julium,
381 1283 586 1354 Narbonensis
607 1283 724 1351 Galiiae
746 1286 920 1368 coloniam,
943 1286 1017 1355 mit-

64 1401 181 1464 titur.
206 1400 333 1468 Barbari
353 1416 521 1496 utrumque
540 1400 702 1484 comitati,
731 1423 773 1468 ne
796 1401 917 1493 quietas
938 1425 1014 1492 pro-

64 1516 200 1586 uincias
218 1517 353 1584 immixti
374 1517 564 1602 turbarent,
596 1515 773 1586 Danubium
795 1517 898 1601 uitta,
928 1518 1013 1588 inter

68 1631 540 1715 fluminaMarum&Cusu1o,
560 1634 722 1718 locantur,
743 1631 817 1704 dato
832 1656 911 1726 rege
919 1635 1009 1706 Van·

67 1748 150 1831 nio,
178 1752 282 1842 gentis
301 1749 504 1842 Quintum.

88 2009 94 2014 ·
134 1979 372 2069 Rhescuporis,
392 1977 550 2048 Thracum
571 1997 648 2057 nex,
676 1991 772 2062 opera
792 1978 955 2064 Pomponii

243 2096 351 2164 Flacci
369 2094 522 2162 daturin
540 2092 686 2159 vincula:
707 2095 835 2163 Romam

444 2209 649 2302 perducitur.

136 2441 268 2515 LXIV.
290 2442 389 2512 Simul
409 2445 555 2514 nuntiato
575 2464 679 2530 regem
699 2445 871 2516 Artaxiam
893 2443 1006 2510 Arme·

75 2563 147 2626 niis
170 2584 191 2628 a
210 2566 391 2628 Germanico
413 2562 538 2642 datum,
559 2555 837 2649 decreverepatres
853 2605 863 2637 ,
880 2563 1008 2623 utGen·

75 2677 226 2741 maninus
244 2689 341 2758 atque
360 2681 485 2742 Drusus
506 2691 645 2745 ,ovantes
675 2675 785 2748 urbem
815 2673 1007 2742 introirent.

78 2787 197 2856 structi
219 2785 256 2856 dc
275 2809 365 2857 arcus
385 2790 501 2858 circum
523 2791 622 2858 latera
645 2791 756 2879 templi
777 2787 895 2872 Martis
907 2782 1006 2856 Ulto-

80 2907 142 2988 tis3
165 2927 237 2972 cum
257 2903 361 2997 effigie
389 2901 573 2986 Caesarum,
601 2903 725 2973 laetiore
756 2901 912 2992 Tiberio,
933 2909 1005 2996 qnia

81 3016 192 3110 pacem
214 3022 368 3113 sapientia
382 3017 580 3103 firmaverat,
601 3041 694 3112 quam
703 3021 733 3091 ‘si
741 3022 849 3092 beilum
858 3047 915 3116 per
923 3025 1003 3090 acies

79 3137 281 3212 confecisset.
313 3137 416 3231 Igitur
443 3135 660 3230 Rhescuporin
690 3161 829 3233 quoque,
856 3139 1006 3206 Thracia

82 3276 213 3344 regem,
239 3273 310 3324 astu
338 3255 544 3348 adgreditur.
580 3257 720 3328 Omnem
748 3281 815 3329 eam
846 3256 1029 3326 nationem·

84 3367 320 3439 Rhoemetalces
349 3389 520 3443 tenuerat:
551 3395 615 3464 quo
643 3373 813 3456 nefando,
843 3365 1003 3464 Augustus

85 3505 204 3574 partem
227 3485 384 3558 Thracum
398 3489 644 3584 Rhescuporidi,
669 3488 758 3563 fratri
776 3493 859 3575 ejus,
881 3505 1004 3580 partem
1082 3483 1085 3494 ’
