2432 3940
182 259 876 342 AN.U.C.DCCLXIX.AER.CHR.1⁶.
943 303 982 358 ⁹³

128 415 295 488 XXVIII.
319 413 370 486 Ut
391 415 461 482 ratis
484 417 627 498 testium,
647 416 682 486 dt
703 421 754 510 qui
776 423 856 512 serui
877 423 985 492 eadam

55 525 257 614 noscerent,
280 532 418 622 reperit,
441 531 559 598 aditum
581 533 619 598 ad
643 535 812 626 principem
827 541 984 630 postulat,

53 648 281 715 demonstrato
302 645 432 714 crimine
460 643 496 712 dt
518 669 571 716 reo
592 669 651 737 per
672 649 812 718 Flaccum
834 653 984 724 Vescula-

55 763 172 846 rium,
193 766 330 854 equitem
353 763 549 851 Romapum,
579 765 628 829 cui
651 749 782 854 propior¹
799 789 867 832 cum
888 766 984 839 Tibe.

52 879 107 947 rio
134 901 209 945 usus
230 897 316 945 erat.
338 877 599 945 Caesarindicium
615 879 693 945 haud
703 896 898 970 aspernatus,
912 905 985 952 con.

50 1015 190 1085 gressus
212 995 335 1062 abnuit:
357 1009 451 1080 posse
472 998 571 1076 enim,
592 996 809 1064 eodemFlacco
824 999 985 1064 internun-

51 1115 130 1191 tio,
156 1131 321 1177 sermones
342 1124 526 1176 commeare.
550 1106 659 1200 Atque
688 1112 813 1178 interim
835 1089 984 1183 Libonem

51 1241 161 1290 ornat
186 1240 341 1312 praetura,
364 1223 547 1290 convictibus
566 1226 708 1308 adhibet,
732 1251 794 1294 non
811 1227 898 1294 uultu
911 1227 986 1296 alia-

50 1359 179 1420 natus,
201 1363 262 1406 non
287 1337 381 1405 verbis
402 1341 585 1406 commotior
607 1350 621 1428 (
642 1343 719 1408 adeo
740 1343 817 1410 iram
838 1344 983 1412 condidu-

49 1471 115 1520 rat
139 1453 341 1543 >condoque
362 1457 427 1534 eius
449 1453 525 1522 diua
547 1453 703 1547 fabioque,
723 1481 796 1526 cum
819 1459 982 1548 prohibete

49 1587 187 1659 posset,
210 1570 288 1636 scire
310 1569 456 1638 maIebat:
486 1573 584 1640 donec
609 1573 714 1660 Iunius
734 1575 876 1665 quidam,
899 1594 973 1644 ten·

51 1701 169 1767 tatus,
192 1703 228 1752 ut
250 1682 383 1753 infernas
405 1687 524 1761 umbras
545 1689 728 1756 carminibus
749 1699 821 1776 (70)
835 1693 978 1775 eliceret,

50 1802 97 1866 ad
125 1801 300 1868 Fulcinium
321 1797 475 1868 Trionem
506 1804 650 1871 indicitur]
680 1803 811 1872 detulit.
843 1805 979 1874 Celebre

51 1917 148 1982 inter
176 1935 365 1985 accusatores
387 1913 516 1981 Trionis
545 1919 702 2007 ingenium
732 1935 821 1998 erat,
845 1917 981 1984 avidum-

49 2055 122 2122 que
146 2028 238 2100 famae
261 2035 360 2098 malae.
384 2029 497 2095 Statim
520 2031 650 2119 corripit
672 2051 779 2112 reum,
799 2029 885 2097 addit
906 2055 980 2098 cou-

50 2149 161 2226 sules,
184 2164 307 2212 senatus
328 2145 537 2236 cognitionem
558 2145 672 2235 poscit:
695 2144 730 2214 dt
752 2163 902 2214 vocantur
922 2171 978 2238 pa-

51 2257 165 2342 tres,
185 2262 307 2346 addito,
343 2259 573 2345 consultandum
608 2277 700 2349 super
731 2285 767 2332 re
795 2285 905 2352 magna
932 2263 978 2341 du

53 2399 174 2446 atroci.

119 2491 245 2563 XXIX.
269 2495 347 2563 Libo
368 2497 512 2580 interim,
543 2515 629 2565 vesto
649 2512 767 2565 mutata
783 2502 875 2584 (qr),
903 2515 974 2565 cum

55 2611 243 2700 primoribus
255 2609 382 2676 *feminis
402 2613 561 2680 circumire
584 2615 707 2695 domos,
731 2633 821 2680 orare
843 2609 974 2692 adfines,

57 2747 170 2792 uocem
192 2725 351 2793 adversum
373 2729 505 2817 pericula
527 2735 749 2820 poscere(72):
774 2723 974 2796 abnuentibus

58 2841 192 2923 cundia,
215 2863 285 2908 cum
309 2841 426 2910 diversa
441 2845 692 2931 praetenderent,
714 2843 820 2916 eadem
835 2839 972 2910 formidi-

59 2980 116 3040 ne,
140 2958 191 3024 dio
222 2973 343 3024 senatus
372 2973 458 3022 metu
484 2955 522 3024 a&
545 2958 730 3050 egritudine
760 2955 867 3042 fessus,
890 2962 972 3042 sive,

57 3089 93 3138 ut
116 3074 272 3141 tradidere
293 3073 434 3163 quidam,
458 3072 599 3152 simulato
618 3073 744 3157 morbo,
767 3073 871 3143 Iadica
887 3074 973 3141 dela·

56 3205 106 3253 tus
127 3191 164 3255 ad
186 3187 282 3256 Iores‘
296 3189 408 3271 curiae,
429 3189 602 3282 innisusque
624 3186 731 3273 sratri,
754 3187 788 3258 dt
811 3208 916 3256 manus
936 3207 974 3250 ac

58 3303 205 3392 supplices
228 3329 317 3374 voces
338 3305 374 3373 ad
400 3302 561 3374 Tiberium
583 3307 732 3389 tendens,
753 3307 882 3370 Immoto
906 3300 972 3378 eius

60 3417 146 3486 vultu
169 3421 333 3510 excipitur;
351 3445 427 3492 ,mox
448 3421 564 3508 libellos
585 3431 656 3514 (ῃ)
680 3420 716 3490 dt
730 3417 865 3488 austures
887 3414 971 3501 repi-
