2434 3940
213 317 275 362 ιη
419 277 726 355 ANNALIUM
755 283 852 353 LIB.
876 286 938 356 IV.

209 437 339 510 effusum
359 437 400 502 ‘in
423 438 573 531 lacrymas
602 451 766 517 senatum,
797 435 875 501 vilio
904 432 1025 527 gemitu
1049 437 1135 523 (31),

207 558 300 624 simul
325 553 465 620 oratione
494 549 639 618 continua
662 552 781 616 erexit.
819 553 896 616 Non
925 553 1046 637 quum
1074 551 1136 618 sibi

208 679 380 762 ignarum,
414 685 509 756 posse
536 671 653 756 argui,
690 665 776 752 quod
799 671 1001 734 tumescenti
1031 667 1134 734 dolore

209 789 346 855 subierit
367 785 471 854 oculos
487 801 632 849 senatus:
653 788 709 850 ote
727 789 977 872 propinquorum
989 783 1134 868 adloquia

208 905 365 986 tolerari,
392 903 457 969 'vise
480 901 559 966 diem
581 903 681 987 aspici
713 899 912 988 aplerisque
939 901 1134 988 lugentium.-

208 1039 308 1106 neque
333 1019 405 1085 illos
428 1015 654 1084 imbecillitatis
671 1017 880 1101 damnandos5
902 1039 935 1082 se
947 1033 1049 1080 tamen
1055 1014 1134 1100 for-

209 1139 297 1201 tiora
320 1134 435 1201 solatia
457 1156 473 1198 e
495 1133 651 1220 complexu
677 1132 854 1220 reipublice
878 1139 948 1218 (32)
967 1133 1132 1219 petivisse.

208 1247 441 1338 Miseratucque
463 1251 612 1334 Auguste
634 1266 807 1313 extrenum
827 1247 997 1329 senellam,
1026 1247 1133 1312 rudem

206 1365 305 1432 adbuc
334 1379 494 1450 nepotum,
524 1359 567 1432 ist
589 1379 767 1445 uergentem
795 1363 921 1427 secatem'
947 1383 1064 1444 suam,
1099 1375 1133 1427 ut

205 1481 385 1544 Germanici
406 1473 519 1552 liberi,
549 1478 640 1538 unica
665 1480 873 1561 presentium
903 1479 1061 1546 malorum
1089 1478 1132 1544 le-

204 1608 370 1671 uamenta,
400 1587 637 1670 inducerentur,
667 1589 796 1677 petiuit.
834 1589 960 1681 Egressi
988 1594 1133 1658 consules

205 1707 341 1774 firmatos
363 1704 504 1793 adloquio
534 1703 801 1787 adolescentulos,
830 1705 1031 1796 debuiiosque
1053 1726 1132 1772 ante
1203 1789 1204 1792 Ἴ

204 1821 364 1892 caesarem
395 1835 559 1886 statuunt.
605 1819 722 1912 Quibus
751 1819 973 1910 adprehensis,
1013 1825 1132 1888 Patres

204 1943 399 2027 conscripti,
417 1936 491 2019 bos,
521 1937 641 2026 inquit,
670 1937 798 2006 orbatos
816 1953 973 2026 parente,
1004 1938 1129 2004 tradidi

202 2072 321 2144 patruo
344 2061 506 2142 ipsorum,
531 2071 740 2142 precatusque
760 2075 848 2136 sum,
872 2075 1128 2141 mammantes«

204 2185 252 2233 stt
275 2169 324 2232 illi
342 2171 481 2253 propria
502 2168 643 2248 soboles,
667 2191 706 2234 ne
725 2191 808 2236 secus
829 2191 921 2256 quom
942 2191 1032 2236 suunt
1054 2191 1126 2234 san-

198 2285 324 2368 guinem
338 2279 466 2364 foveret
490 2301 527 2345 ac
542 2281 683 2363 tolleret,
704 2282 825 2367 sibique
845 2284 1040 2370 imposueris
1056 2306 1125 2353 con·
1198 2305 1199 2349 i

197 2395 372 2483 fhrmaret.
393 2401 514 2482 Erepto
537 2403 664 2477 Druso,
683 2414 793 2484 preces
814 2400 857 2464 ad
875 2421 934 2464 uos
955 2418 1127 2482 converto,
1196 2401 1198 2468 Ῐ

202 2513 333 2597 Diisque
355 2509 399 2587 lut
418 2512 528 2598 patria
548 2531 654 2577 corant
675 2511 835 2594 obtestor,
857 2517 990 2600 Augusti
1008 2530 1125 2602 prone-

200 2643 306 2717 potes,
328 2628 522 2694 clarissimis
537 2626 708 2712 maioribus
717 2633 860 2715 genitos,
883 2633 1051 2716 suscipite,
1075 2653 1122 2697 re-

198 2747 285 2830 gite:
308 2762 449 2811 uestram
470 2763 629 2828 meamque
650 2747 748 2810 vicem
775 2747 908 2833 explete.
946 2749 989 2810 Hi
1017 2735 1119 2827 uobis,
1192 2749 1193 2756 ’

200 2857 295 2924 Nero
318 2857 362 2933 in
377 2869 502 2942 Druse,
520 2875 688 2948 parentum
710 2861 799 2930 loco:
821 2865 867 2926 ita
890 2865 957 2956 nati
970 2865 1065 2944 estis,
1087 2877 1117 2928 ut
1190 2927 1191 2930 ,

200 2969 277 3038 bona
299 2974 441 3059 malaque
462 2992 571 3042 cestra
591 2977 635 3042 ad
653 2975 875 3063 rempublicam
894 2982 1088 3064 pertineant.

259 3083 319 3154 IX.
342 3085 466 3178 Magno
488 3111 524 3156 ea
547 3089 646 3172 fletu,
669 3090 788 3158 &mox
809 3091 1033 3183 precationibus
1052 3090 1114 3158 sau·
1187 3079 1189 3158 l

199 3201 254 3267 stis
276 3202 397 3290 audita;
418 3225 472 3283 ac,
494 3203 518 3266 si
542 3207 666 3273 modum
688 3208 820 3274 orationi
840 3207 1008 3296 posuisset,
1029 3212 1114 3276 mise-
1186 3217 1187 3226 ’

198 3315 331 3386 ricordia
353 3323 403 3386 sui
424 3317 584 3410 gloriaque
614 3323 731 3388 animos
750 3322 940 3400 audientium
970 3325 1112 3418 impleve-
1184 3371 1185 3376 κ

196 3443 264 3494 sat:
287 3433 325 3498 ad
346 3459 424 3525 'vana
446 3432 603 3506 &totiens
619 3438 711 3506 inrisu
732 3439 910 3526 revolutus,
929 3441 966 3510 ele
989 3442 1109 3510 redden
1183 3453 1184 3507 i

1172 3851 1179 3901 l
