2446 3942
159 235 891 352 ,auumssuccaxvumucua14.
974 289 993 342 ω

60 427 220 518 Tiberias
243 430 308 492 vim
327 419 749 514 principatusresoloerrr,
770 417 877 487 candia
892 417 935 484 ad
950 439 1000 484 re·

64 561 183 608 natum
204 541 357 610 vocando.
379 545 461 605 Eam
483 536 689 603 conditionem
711 558 780 630 asse
803 533 1001 623 imperandi,

64 677 104 723 ut
131 657 309 725 nataliter
334 659 419 722 ratio
441 668 562 722 constr:
587 657 680 737 (ao),
703 672 795 736 quam
812 655 842 718 si
858 653 910 716 um'
927 649 998 718 red

65 775 189 840 datur.

118 888 200 957 VII.
214 883 263 954 At
279 886 393 956 Roma
416 907 507 952 more
530 884 562 949 in
585 881 748 949 servitium
769 884 926 964 consules,
950 907 1001 972 pa-

68 1023 160 1086 tres,
183 1027 295 1095 eques:
319 1019 437 1094 quanto
451 999 517 1090 quis
534 999 713 1090 inlustrior,
737 1016 825 1064 tanto
838 999 934 1090 magis
948 995 1005 1064 fal-

69 1123 98 1184 si
122 1144 160 1186 ac
182 1118 386 1198 festinantes,
415 1115 562 1206 vultuque
584 1115 775 1206 composito,
804 1137 844 1182 ne
866 1115 933 1180 laeti
954 1137 1007 1182 ex·

70 1257 170 1302 cessu
192 1233 355 1324 principis,
377 1253 436 1298 neu
458 1232 609 1298 tristiores
630 1232 817 1323 primordio,
840 1232 1010 1314 lacrymas,

76 1349 246 1442 gaudium,
262 1366 401 1439 questus,
415 1347 622 1414 adulationem
636 1357 709 1436 (ιι)
724 1347 911 1414 miscebant.
934 1346 1007 1414 Sex.

75 1465 247 1554 Pompeius
274 1462 308 1530 dt
332 1463 409 1532 Sex.
432 1441 625 1554 Appuleius,
660 1465 816 1546 consules,
855 1463 946 1553 primi
974 1463 1006 1530 in

76 1580 173 1648 verba
197 1577 314 1646 Tiberii
336 1579 475 1646 Caesaris
488 1583 644 1660 juravero:
674 1581 815 1672 apudque
844 1601 897 1647 eos
919 1579 1007 1662 Sejus

77 1698 210 1778 Strabo,
231 1695 266 1764 dt
288 1694 329 1764 C.
353 1693 542 1778 Turranius,
571 1696 626 1762 ilie
658 1697 875 1786 praetoriarum
897 1681 1006 1763 cohor-

81 1815 163 1878 tium
179 1809 359 1902 praefebius,
382 1812 432 1877 hic
445 1834 595 1878 annona:
613 1819 839 1891 moxsena'tus,
862 1813 1009 1901 milesque

82 1929 117 1994 dt
142 1929 289 2018 populus.
327 1926 408 1996 Nam
430 1925 577 1992 Tiberius
599 1925 704 1990 oundia
727 1949 784 2011 per
805 1926 943 1990 consules
965 1926 1012 2010 irr-

82 2047 237 2134 cipiebat,
268 2059 424 2130 tamquam
455 2057 565 2106 vetere
594 2038 768 2127 republica,
796 2037 831 2104 dt
859 2041 1014 2132 ambiguus

85 2158 277 2248 imperandi:
308 2177 347 2220 ne
369 2155 498 2236 edilium
520 2154 661 2244 quidem,
689 2178 750 2245 quo
778 2173 882 2244 patrer
903 2157 935 2222 in
957 2179 1011 2224 cu-

84 2277 163 2342 riam
188 2272 330 2353 vocabat,
353 2273 409 2338 uisi
434 2271 603 2336 tribunicia:
625 2273 792 2369 potestatis
802 2275 1011 2364 praescriptio·
1048 2290 1051 2342 Ι

85 2413 126 2456 rso
149 2391 270 2480 posuit,
293 2391 346 2456 sub
367 2384 513 2480 Augusto
534 2405 687 2478 acceptae„
713 2385 819 2456 Verba
841 2391 931 2458 eaiui
944 2387 1010 2456 fue-

85 2530 121 2578 re
145 2527 257 2595 pauca,
279 2503 313 2571 dt
336 2526 424 2570 seusu
447 2505 662 2594 permodesto:
693 2511 739 2571 Dr
760 2503 934 2572 honoribus
954 2523 1013 2594 pcr-

87 2627 193 2704 rrnar's
208 2623 440 2687 consulturum:
456 2639 551 2706 neque
565 2621 729 2696 abscedere
742 2644 763 2686 α
775 2639 910 2712 corpore
923 2629 1011 2710 (22):

60 2807 64 2810 ,
87 2737 180 2822 idque
202 2757 296 2800 unum
318 2758 354 2800 ex
374 2736 508 2822 publicis
530 2739 727 2804 muneribus
744 2756 921 2826 usurpare.
951 2737 1012 2808 Sed

87 2849 229 2919 defunsto
253 2846 416 2941 Augusto,
439 2853 559 2940 signum
582 2854 735 2940 praetoriis
757 2853 947 2938 cohortibus,
977 2877 1012 2923 ut

88 2969 277 3057 imperator,
307 2967 451 3033 dederat:
482 2969 635 3050 excubiae,
664 2991 767 3052 arma,
792 2991 896 3039 cetera
917 2975 1017 3040 aulae:-

88 3085 175 3150 miles
197 3085 229 3148 in
253 3079 374 3165 forum,
398 3084 487 3149 miles
508 3085 541 3148 in
564 3086 678 3152 curiam
700 3089 916 3158 comitabatur:
940 3089 1019 3150 lita·

89 3222 135 3270 ras
158 3201 195 3266 ad
217 3199 404 3280 exercitus,
420 3217 575 3290 tamquam
597 3203 709 3292 adepto
731 3206 926 3294 principatu,
956 3201 1014 3264 mi-

90 3316 146 3380 sit:
169 3337 314 3408 nusquam
337 3315 577 3398 cunctabundus,
609 3298 669 3384 uisi.
689 3341 761 3384 cum
782 3323 814 3382 in
838 3294 945 3382 senatu
967 3319 1014 3384 lo-

89 3448 255 3521 queretur.
291 3429 570 3524 Causapraecipua
592 3457 632 3500 ex
655 3433 838 3510 formidine,
871 3453 909 3496 ne
930 3433 1015 3498 Ger-

477 3633 482 3662 !
509 3621 512 3626 .
