2434 3940
256 293 351 343 144·
463 255 774 330 ANN-ALIUM
804 202 997 330 mm
1146 283 1156 322 r

249 415 359 496 alacri,
383 427 418 481 ut
439 396 580 491 adsolet,
603 409 753 500 remigio,
780 411 833 476 sed
855 410 969 477 curuis
1000 411 1039 478 ad
1070 412 1164 482 tristi-

248 536 321 600 tiam
344 529 537 620 compositis.
560 525 726 616 Postquam
749 524 861 598 duobus
883 549 953 594 cum
967 524 1071 597 liberis
1085 526 1166 597 fera-

246 650 310 714 lem
332 667 440 712 urnam
464 661 594 724 tenens,
616 655 738 734 egressa
754 641 841 724 navi,
865 639 971 713 defixit
986 643 1166 735 oculos(3);

248 765 330 830 idem
353 761 488 827 omnium
511 758 661 850 gemitus,
693 779 795 846 neque
823 757 1034 842 discernereS,
1062 761 1165 850 proxi.

247 901 332 961 mos,
354 879 497 959 alienos,
525 876 662 940 virorum
683 869 902 940 feminarumve
923 873 1079 966 plautius:
1111 873 1169 974 nisi

248 985 329 1084 quod
353 995 535 1060 comitatum
552 985 759 1081 Agrippinae,
774 989 869 1080 longo
884 1013 1018 1062 moerore
1033 988 1146 1062 fessum
1157 1037 1180 1088 ,δ

249 1110 331 1178 obvii
352 1107 387 1178 ἃ
408 1125 548 1178 recentes
570 1107 602 1172 in
625 1104 731 1170 doloro
755 1105 931 1172 anteibant.

419 1336 484 1406 Au.
500 1359 564 1404 uc.
579 1359 741 1404 occanum.
757 1336 839 1405 AEu.
854 1341 938 1410 Cau.
954 1366 1008 1409 20.

303 1568 344 1640 11.
369 1565 503 1633 Miserat
525 1567 599 1632 duas
622 1566 783 1656 praetorias
804 1567 948 1636 cohortes
963 1533 1166 1656 Caesar,'ad·

246 1685 310 1754 dito
334 1701 367 1752 ut
389 1688 599 1770 magistratus
621 1680 793 1762 Calabria,
823 1685 977 1772 Apulique
1007 1685 1051 1760 ier
1079 1695 1169 1753 Cam·

244 1805 318 1898 pani
327 1849 338 1882 ,
360 1815 506 1888 suprema
527 1818 601 1886 erga
615 1799 797 1866 memoriam
808 1792 872 1878 filit
888 1801 938 1864 sui
955 1799 1168 1888 munerafun-

245 1933 415 2007 gerentur.
437 1911 539 2005 Igitur
560 1915 752 1980 tribunorum
767 1914 1048 2005 centurionumque
1063 1915 1167 1983 hume·

249 2035 290 2100 ris
307 2035 434 2100 'cineres
456 2030 683 2119 portabantur:
712 2030 926 2119 praecedebant
950 2033 1106 2122 incompta
1119 2030 1164 2122 si·

248 2171 311 2240 gna
334 2154 403 2233 (4),
426 2147 506 2217 versi
528 2141 640 2212 fasces:
669 2163 763 2234 atque
785 2147 834 2211 ubi
857 2147 990 2214 colonias
1013 2166 1164 2242 transgre-

249 2261 418 2340 derantur,
441 2274 541 2324 atrata
564 2261 668 2350 plebes
690 2268 759 2346 (5),
788 2261 920 2330 trabeati
950 2265 1089 2353 equites,
1112 2287 1164 2354 pro

247 2376 352 2466 opibus
382 2374 460 2456 loci,
491 2377 607 2440 uestem
628 2385 696 2464 (6),
725 2377 852 2459 odores,
881 2381 996 2468 aliaque
1025 2376 1163 2447 funerum

250 2489 407 2561 sollemnia
430 2491 621 2557 cremabant:
653 2493 748 2559 etiam
771 2514 901 2582 quorum
930 2493 1046 2561 diversa
1077 2497 1161 2586 oppi-

248 2611 287 2678 da
312 2617 380 2696 (7),
405 2625 509 2674 tamen
531 2606 638 2692 obvii,
668 2605 703 2674 δε
725 2608 858 2677 villimas
887 2626 980 2698 atque
1004 2624 1072 2676 aras
1097 2611 1161 2676 Diis

250 2725 397 2794 Manibus
426 2741 625 2808 statuentes,
648 2725 849 2806 lacrymis&
880 2726 1160 2794 conclamationibus

249 2841 389 2907 dolorem
412 2845 616 2910 testabantur:
639 2841 759 2909 Drusus
767 2839 969 2910 Tarracinam
991 2859 1159 2936 progressus

140 3025 143 3032 ,
248 2971 318 3035 est,
339 2979 410 3022 cum
426 2959 558 3048 Claudio
572 2957 687 3043 fratre,
711 2961 871 3052 liberisque
894 2959 1094 3042 Germanici,
1115 2953 1159 3046 qui

246 3073 282 3137 in
305 3065 395 3137 Urbe
408 3069 547 3140 fuerant:
570 3074 740 3160 Consules,
762 3076 813 3141 M.
837 3077 982 3146 Valerius
996 3074 1030 3144 δε
1046 3065 1158 3144 Cibu-

248 3186 342 3254 relius
363 3188 445 3272 (jam
469 3190 551 3254 enim
574 3193 788 3282 magistratum
802 3175 1065 3282 occoeperant)&
1079 3210 1157 3256 sena-

247 3317 321 3382 tus,
345 3323 380 3368 ac
402 3323 512 3394 magna
534 3325 602 3391 pars
625 3307 731 3396 populi
740 3309 818 3373 viam
832 3309 1048 3398 complevere,
1071 3308 1157 3386 disje

245 3409 309 3494 lli,
331 3415 367 3483 rit
389 3435 426 3485 ut
446 3418 554 3510 cuique
577 3417 715 3505 libitum,
745 3422 879 3488 flentes.
902 3418 1024 3490 Aberat
1048 3424 1158 3516 quippe

1017 3539 1106 3606 'adu-
