2446 3942
82 203 90 226 '
220 273 256 330 ιε
434 246 923 326 ANNALIUMLIB.1.

215 403 466 486 commendaret,
487 398 552 468 sine
566 401 696 490 'repulsa
710 397 875 471 &ambitu
891 409 964 491 (53)
979 401 1142 497 designans
1191 467 1193 472 .

136 509 138 514 ¹
215 528 285 630 ἀρε.
309 522 397 590 Inter
418 497 488 608 quae
511 517 625 584 tribuni
647 515 758 608 plebeii
781 519 941 608 petivere,
966 537 1001 588 ut
1016 521 1141 611 proprio

110 663 115 680 ³
214 655 338 729 sumptu
360 636 489 704 ederent
510 628 617 716 ludos,
640 629 753 724 quide
775 636 898 702 nomine
913 635 1071 728 Augusti,
1093 633 1141 702 la-

214 757 268 824 stis
289 754 404 836 additi,
426 754 610 840 Augustales
632 759 829 818 vocarenturr
860 754 912 819 sed
936 754 1062 819 decreta
1084 774 1141 843 pe·

213 872 303 940 cunin
324 894 363 938 ex
385 868 512 951 aerario,
536 851 632 960 utque
653 891 711 958 per
732 867 860 936 Circum
883 866 1062 959 triumphali
1086 890 1140 936 ve-

214 1005 262 1055 ste
290 1002 468 1054 uterentur:
497 1008 588 1053 curru
620 984 690 1048 vehi
719 975 799 1052 haud
828 985 1026 1075 permissum.
1056 984 1139 1052 Mox

213 1104 380 1185 celebratio
402 1126 500 1172 annua
530 1103 568 1173 ad
596 1113 763 1190 pretorem
786 1102 859 1188 (54)
890 1102 1057 1184 translata,
1087 1099 1139 1166 cui

213 1220 296 1290 inter
318 1222 400 1290 cives
422 1216 458 1284 dt
478 1217 658 1308 peregrinos
680 1216 844 1298 jurisdictio
866 1218 1037 1286 euenisset.
1075 1297 1078 1300 ,

240 1451 434 1512 Pannonicas
456 1445 587 1532 legiones
610 1463 677 1512 tres
692 1445 807 1532 seditio
824 1447 939 1532 grauis
961 1453 1108 1516 incessit.

382 1566 450 1642 Eu,
471 1565 568 1640 misso
592 1569 721 1643 Druso,
742 1560 860 1630 Tiberii
875 1560 968 1644 filio,

514 1699 596 1766 egre
617 1681 828 1766 componitur.
938 1751 943 1757 ,
1023 1747 1028 1758 ,

267 1906 363 1984 XVI.
386 1907 580 1976 Hic.rerum
611 1906 792 1978 urbanarum
823 1928 919 1979 status
948 1926 1033 1990 erat,
1064 1932 1134 1976 cum

209 2009 399 2094 Panndnicas
421 2027 558 2118 legiones
572 2025 683 2095 seditio
697 2028 834 2094 incessite
858 2027 948 2094 nullis
964 2026 1046 2094 novis
1061 2048 1132 2090 cau·
1208 2065 1209 2072 ξ

179 2215 182 2221 ,
209 2145 266 2222 sis,
289 2141 345 2204 nisi
367 2141 447 2228 quod
470 2155 606 2206 mutatus
627 2143 770 2232 princeps
791 2143 949 2210 licentiam
963 2144 1133 2222 turbarum,

179 2302 184 2313 ,
209 2256 244 2324 &
266 2277 305 2320 ex
326 2253 408 2320 civili
431 2253 511 2320 bello
532 2275 619 2343 spem
639 2255 836 2343 praemiorum
849 2259 1046 2324 ostendebat.
1069 2257 1132 2324 Cn·

209 2371 281 2438 stris
303 2369 415 2436 aestivis
437 2385 500 2434 tres
521 2369 609 2434 simul
631 2369 769 2460 legiones
791 2369 998 2451 habebantur,
1027 2371 1132 2460 praesi-
1208 2437 1209 2454 ἶ

210 2488 306 2554 dente
327 2484 415 2570 Junio
437 2485 553 2552 Blaeso:
577 2480 628 2576 qui
652 2484 711 2552 fine
734 2479 890 2580 Augusti,
912 2483 947 2552 dt
970 2481 1131 2550 initiisTi-
1208 2469 1209 2502 ³

210 2603 285 2670 berii
308 2599 437 2683 auditis,
460 2601 497 2667 ob
520 2601 671 2682 justitium
686 2601 760 2689 (55)
776 2615 828 2667 aut
851 2601 1013 2694 gaudium,
1034 2603 1131 2666 inter-

210 2719 337 2785 miserat
357 2717 445 2786 solitn
467 2717 585 2784 munia.
615 2715 664 2786 Eo
688 2713 843 2808 principio
864 2718 1001 2784 lascivire
1024 2717 1130 2800 miles,

210 2832 403 2916 discordare,
425 2831 545 2923 pessimi
568 2837 713 2926 cujusque
727 2833 912 2906 sermonibus
924 2837 1064 2924 praebere
1078 2857 1130 2900 au-

207 2971 278 3032 res,
307 2949 439 3040 denique
461 2948 568 3016 luxum
587 2948 623 3018 dr
651 2953 749 3018 otium
777 2973 921 3041 cupere,
940 2949 1129 3038 disciplinam

208 3060 244 3130 dt
273 3065 408 3132 laborem
436 3061 609 3155 aspernari.
647 3067 725 3162 Erop
751 3067 783 3134 in
812 3068 918 3134 castris
942 3065 1130 3132 Percennius

207 3181 350 3270 quidam,
371 3180 432 3248 dux
454 3177 527 3260 olim
551 3179 748 3250 theatralium
762 3205 925 3273 operarum
939 3188 1032 3268 (5⁶),
1055 3179 1128 3248 dein

206 3298 367 3388 gregarius
388 3297 492 3381 miles,
522 3295 781 3392 ptocexlingua,
809 3299 844 3366 &
874 3299 1003 3366 miscere
1026 3313 1129 3366 coetus

205 3409 376 3504 bistrionali
398 3415 498 3484 studio
521 3423 594 3502 (57)
617 3416 734 3484 dolius.
756 3415 787 3484 Is
809 3414 968 3504 imperitos
991 3415 1124 3490 animos,
