2432 3940
234 268 919 348 AN.U.C.DCCLXIX.AER.CHR.16.
995 291 1036 350 tr

118 427 192 496 inde
213 426 249 492 ad
271 425 368 516 jurgia
391 423 542 514 prolapsi,
566 421 724 510 quominus
738 445 873 517 pugnam
894 447 1038 494 consere-

118 561 209 623 rent,
240 565 286 616 ,ne
304 542 435 608 -llrnnine
464 537 589 629 quidem
612 537 772 619 interjeblo
792 541 1036 632 cohibebantur5

115 659 147 726 ni
169 658 339 725 Stertinius
360 657 543 735 adcurrens,
562 655 690 745 plenum
713 655 794 737 iste,
821 675 968 746 armaque
992 661 1035 738 ἐν

114 797 225 861 equum
256 789 437 866 poscentem
461 771 602 838 Flavium
624 770 818 836 attinuisset.
839 771 1033 846 Cernebatur

115 908 223 960 contra
254 887 481 956 minitabundus
502 885 690 966 Arminius,
717 886 921 978 proeliurnque
951 899 988 976 (2
995 899 1033 976 ς)

114 1007 325 1074 denuntians:
349 1025 419 1070 nans
441 993 585 1092 pleraque
607 1000 723 1068 Latino
745 1021 885 1070 sermone
905 1005 1032 1088 interjas
1084 1033 1090 1056 ·

111 1124 237 1202 eiebnt,
261 1137 297 1186 ut
320 1119 373 1209 qui
387 1117 534 1196 Romanis
555 1119 587 1196 ,in
601 1118 708 1198 castris
722 1117 828 1184 dullor
842 1123 1031 1212 popularium
1076 1204 1081 1214 ,

110 1238 294 1306 meruisset.

172 1351 232 1418 Xl.
256 1351 385 1419 Postero
405 1355 455 1420 die
470 1355 698 1422 Germanorum
720 1355 803 1423 acles
824 1355 1029 1428 transvisse.

109 1472 174 1562 ginr
196 1469 303 1534 stetit.
332 1467 467 1552 Caesar,
497 1473 552 1537 nisi
575 1471 717 1562 pontibus
737 1472 945 1564 praesidiisque
968 1473 1026 1538 irn-

107 1585 233 1675 positis,
256 1583 330 1650 dare
352 1586 384 1650 in
406 1586 568 1654 discrimen
590 1589 730 1682 legiones
751 1588 830 1656 haud
854 1585 1024 1678 imperato-

107 1703 184 1792 rium
202 1709 280 1788 leo)
303 1720 403 1785 ratus,
425 1704 562 1792 equitem
583 1705 662 1774 uado
684 1706 848 1771 tramittit:
871 1701 1025 1794 prmfuere

105 1815 293 1899 Stertinius,
314 1817 348 1885 ἃ
370 1839 389 1884 e
412 1841 541 1884 numero
556 1819 797 1908 primipilarium
820 1827 892 1904 (η)
915 1816 1025 1883 AEnri-

106 1933 179 2014 lius,
202 1933 383 2000 distantibus
406 1934 480 1998 locis
493 1933 625 2011 inveni,
647 1949 681 1997 ut
699 1932 818 1996 hostem
832 1931 1023 1996 diducerent.

103 2049 177 2139 Qua
191 2048 372 2114 celerrimus
386 2047 501 2127 amnis,
524 2045 731 2127 Cariovalda,
752 2045 813 2112 dux
828 2045 1025 2125 Batavorum,

7 2181 10 2186 ‘
35 2187 39 2202 ·
106 2163 229 2251 erupitr
253 2183 324 2226 eum
347 2159 515 2243 Cherusci,
537 2157 642 2254 lugam
663 2161 858 2244 simulantes,
881 2159 1023 2249 inplani÷

104 2279 182 2343 tiem
205 2276 327 2344 saltibus
343 2273 573 2358 ,circumjellam
597 2295 735 2345 traxere:
759 2278 830 2344 dein
844 2275 963 2358 coorti,
986 2275 1022 2357 ὃς

103 2393 238 2483 undique
260 2391 346 2459 effusi
368 2393 500 2460 trudunt
514 2395 675 2478 adversos,
696 2395 813 2462 instant
826 2393 1020 2474 cedentibus,
1090 2474 1097 2492 '

101 2509 303 2598 collellosque
325 2511 357 2574 in
370 2511 477 2577 orbern
499 2520 588 2599 (ab),
610 2533 680 2604 pars
701 2509 875 2601 congressi,
897 2507 1019 2596 quidam

102 2625 223 2689 eminus
244 2627 440 2711 proturbant.
463 2625 664 2710 Carioualcla,
688 2625 740 2694 diu
769 2638 941 2691 sustentata
964 2621 1018 2686 ho-

101 2742 196 2806 stiurn
218 2737 353 2819 soevitia,
381 2739 520 2810 hortatus
539 2765 627 2824 suos,
657 2759 692 2808 ut
713 2741 897 2832 ingruentes
917 2753 1017 2820 cater-

100 2879 153 2924 uas
176 2855 269 2947 globo
291 2851 495 2945 frangerent,
517 2873 611 2944 atque
633 2859 698 2944 ipse
720 2857 751 2920 in
766 2854 954 2921 densissimos
967 2856 1016 2920 in-

101 2983 276 3060 rumpens,
293 2971 449 3062 congestis
479 2961 549 3036 telis
577 2969 612 3036 ἀ
634 2968 756 3036 suffosso
777 2990 855 3060 equo
881 2973 1014 3062 labitur,

101 3111 136 3154 ae
158 3087 248 3156 multi
272 3087 418 3180 nobilium
443 3057 538 3154 circa:
561 3101 682 3154 ceteros
705 3087 747 3154 vis
760 3109 828 3169 sua,
851 3105 904 3153 aut
927 3083 1015 3171 equi-

102 3219 168 3284 tes,
191 3225 261 3270 cum
282 3202 434 3271 Stertinio
455 3199 651 3292 AEmilioque
673 3203 908 3282 subvenientes,
925 3197 1013 3287 'peri-

100 3316 173 3388 culo
192 3341 352 3387 exemere.
451 3321 465 3358 '

161 3431 235 3498 Xll.
258 3435 381 3518 Caesar,
403 3455 609 3532 transgressus
623 3427 804 3529 Visurgim,
820 3431 929 3502 indicio
945 3453 1014 3523 pet·
1049 3509 1050 3514 ἵ

177 3555 369 3622 C.Tac.T.I.
702 3553 729 3618 F
