2538 3948
289 297 599 374 ANNALIUM
628 297 808 372 NOTAE.
950 331 1008 386 ³37

94 477 96 482 ·
125 443 237 506 banno,
254 441 298 512 qui
316 441 445 496 seditionis
463 442 523 494 socii
542 441 639 510 otagis,
656 457 733 509 quam
752 443 828 496 duces
846 442 963 508 fuerant,
982 459 1011 498 ut

127 519 233 570 tironem
251 534 266 568 a
285 515 407 569 veteranis
423 515 456 566 ad
471 513 619 568 seditionem
634 513 823 580 promptissimis
836 517 1009 572 dissociarent.

82 587 155 661 (38)
175 584 327 642 Nobilitate
345 585 482 657 ingenita.
507 590 546 640 Ea
563 584 643 642 animi
667 585 809 642 coustumia
834 596 857 640 or
876 588 1011 652 firmitate,

125 677 206 728 quam
225 679 241 712 a
260 657 398 722 majoribus
417 659 487 710 velut
505 658 607 712 insitam
627 657 742 712 haberet.

83 730 158 806 (8⁹)
178 731 268 786 Primi
285 727 385 785 ordinis
401 729 537 786 centurio.
570 729 735 798 Primipilus,
753 731 865 784 centurio
882 733 954 798 primi
972 735 1009 802 pi.

123 806 244 856 danorum
262 819 305 854 seu
324 801 461 854 triariorum
486 803 595 864 ordinis,
619 817 695 872 atque
718 801 781 855 adeo
804 804 882 866 totius
905 806 1010 872 legionis

124 876 225 944 primus
241 875 367 926 remotior
387 875 465 937 hujus
484 893 577 944 magua
592 890 643 928 erat
660 875 788 943 dignatio.

83 945 160 1019 (90)
180 943 352 1018 adjiciendos
368 964 398 1001 rrr
413 944 479 1002 doce
503 959 607 1004 metus.
632 947 763 1000 Sallustius
787 947 817 1002 de
839 965 890 1014 rep.
908 950 960 1002 ord.
978 950 1011 1012 ad

126 1025 269 1072 Cesarem.
293 1023 391 1088 Neque
409 1036 566 1090 quemquam
589 1037 608 1072 a
629 1015 724 1074 multis
745 1017 918 1078 metuendum
941 1023 1010 1083 astri

125 1090 194 1162 quin
211 1087 250 1144 ad
262 1108 322 1144 rum
332 1087 447 1163 formido
464 1108 495 1144 etr
512 1087 607 1146 multis
624 1089 741 1148 recidat.

85 1160 160 1235 (91)
178 1167 254 1216 intra
272 1157 469 1216 tabernaculum
486 1161 560 1218 ducis
585 1159 700 1218 obrutos.
727 1168 758 1216 In
778 1165 831 1233 ipso
849 1164 1010 1220 tabernaculo

127 1237 194 1288 clam
212 1234 352 1288 interlitios
368 1243 391 1288 or
408 1236 534 1302 sepultos.
854 1299 856 1302 ,
932 1262 934 1266 ·
1005 1265 1009 1274 «

86 1303 158 1378 (92)
178 1306 281 1360 Tritani
297 1305 390 1380 signa,
409 1309 427 1360 i.
446 1325 469 1360 e.
486 1308 552 1362 teila
568 1307 657 1362 habere
675 1317 698 1361 dr
715 1326 811 1362 servate
829 1311 855 1362 iu
874 1309 1010 1377 principiis,

128 1379 173 1430 ubi
190 1377 289 1432 delixa.
326 1379 427 1432 ominis
443 1393 529 1436 autem
547 1394 599 1434 etat
616 1380 738 1443 infausti,
761 1380 782 1434 si
799 1382 888 1440 subitis
905 1381 1011 1436 turbini-

127 1450 176 1502 bus
192 1451 264 1518 signa
281 1464 437 1517 raperentur.

87 1520 160 1594 (93)
180 1519 267 1576 soluti
280 1517 398 1597 piaculo.
423 1526 540 1577 Exsoiuti
565 1526 637 1578 omni
662 1525 813 1595 contagione
837 1528 936 1596 culpa,
961 1526 1010 1581 lin,

126 1595 230 1662 queudo
246 1609 340 1656 cauta,
359 1595 385 1646 in
403 1595 495 1664 quibus
512 1598 614 1666 culpam
632 1597 806 1652 admisissent.

89 1663 158 1742 (94)
179 1662 336 1724 Desolatus.
362 1667 434 1726 Solus
457 1669 571 1728 telilius.
596 1669 635 1722 Sic
662 1670 728 1740 Vitg.
755 1672 855 1726 AEneid.
878 1692 929 1736 rr,
949 1676 1009 1736 870.

128 1739 286 1806 Disjeiiique
302 1740 396 1798 duces,
414 1740 566 1808 desolatique
585 1742 706 1808 manipli.

90 1808 159 1883 (95)
179 1809 213 1862 Vi
230 1826 279 1861 sua
296 1803 395 1861 cunila
411 1806 561 1862 tradimus.
587 1811 775 1865 Freinshemius
801 1815 884 1867 mallet
910 1812 1011 1869 trallu-

127 1881 182 1941 tis,
200 1893 228 1932 ut
247 1881 353 1932 Tacitus
371 1879 478 1934 indicare
495 1881 601 1939 voluerit
618 1881 728 1950 legiones
747 1884 800 1936 illas
819 1885 885 1938 vires
900 1903 959 1940 suas
973 1888 1011 1942 in,

98 1979 103 1986 ·
126 1953 268 2009 reilexissos
288 1959 312 2004 ot
330 1951 400 2004 hunc
417 1970 521 2005 sensum
538 1953 664 2008 affirmant
684 1955 793 2006 militum
813 1954 887 2006 verba
904 1973 960 2022 quae
974 1975 1012 2012 se,

129 2038 258 2094 quuntur,
277 2021 426 2087 jaiiantium
444 2023 535 2088 suain
554 2041 634 2080 manu
652 2025 726 2078 sitam
744 2043 795 2078 rem
815 2031 980 2080 Romanam.
1002 2025 1005 2032 ’

94 2093 161 2170 (96)
181 2093 286 2169 Agenda
303 2090 459 2149 Galliarum
483 2095 640 2150 censui...
659 2096 815 2150 intentum.
840 2097 935 2152 Gallias
960 2114 1012 2167 per-

128 2183 275 2237 agrantem,
293 2180 322 2218 ut
338 2166 407 2235 apud
425 2168 508 2235 ipsum
527 2167 634 2237 quisque
652 2169 734 2236 capita
753 2183 813 2226 ,tum
832 2170 964 2224 liberorum
982 2189 1011 2234 ae

128 2257 274 2302 servotum,
292 2253 348 2292 tum
366 2238 535 2303 animalium,
559 2258 629 2308 agros
646 2242 757 2310 aliasque
776 2241 940 2308 possessiones
958 2262 1012 2312 pto-

129 2311 252 2374 literetur,
272 2327 301 2367 ut
318 2329 350 2364 ex
370 2312 444 2374 modo
462 2330 552 2375 census
570 2313 675 2382 singuiis
694 2313 822 2370 mensibus
846 2314 967 2376 tributum
986 2323 1011 2398 q

128 2384 236 2451 ueiiigal
256 2384 386 2451 penderet.

96 2454 161 2531 (97)
179 2454 320 2514 Ubiorum.
347 2456 424 2520 Ubii,
450 2476 508 2527 pop.
527 2458 670 2518 Germanias
696 2458 814 2514 inferioris
839 2460 870 2513 ab
895 2464 1012 2530 Augusto

100 2573 106 2584 .
129 2546 162 2582 ex
180 2530 264 2586 dextra
284 2527 371 2582 Rheni
389 2530 441 2597 ripa
460 2531 486 2582 in
503 2530 626 2586 sinistram
650 2533 804 2594 uanrlnffl,
828 2549 935 2599 quorum
954 2533 1012 2584 urbs

147 2599 254 2666 raecipua
272 2603 329 2653 Am
346 2597 487 2664 Ubiorum,
510 2605 545 2661 sio
570 2604 635 2660 diua
660 2603 691 2656 ob
716 2603 820 2664 ereliam
846 2603 879 2654 ibi
896 2621 964 2656 atam
984 2605 1010 2654 in

129 2617 251 2724 honorem
270 2673 396 2738 Augusti.
416 2680 491 2728 Hanc
509 2675 646 2744 Agrippina
665 2690 741 2728 urater
760 2673 883 2736 Neronis,
902 2693 958 2743 quae
977 2675 1012 2732 ibi

100 2789 107 2803 .
130 2756 191 2803 nata
209 2755 277 2804 erat,
304 2743 409 2806 dedulia
428 2743 528 2804 ineam
553 2748 669 2808 colonia,
693 2746 826 2801 Coloniam
846 2746 1013 2815 Agrippinen·

99 2861 106 2870 .
130 2833 184 2875 sem
201 2815 318 2870 vocavit.
345 2816 406 2872 Vide
424 2826 494 2870 Anu.
517 2836 560 2880 12,
579 2836 622 2876 ²7·
648 2819 698 2870 Alii
722 2832 807 2870 tamen
833 2822 916 2874 Aram
933 2816 1011 2874 Ulia-

131 2904 189 2942 rum
208 2889 324 2939 Bonnam
344 2906 396 2941 esse
413 2889 575 2942 existimant.

99 2957 161 3032 (98)
181 2955 331 3014 Vernacula
347 2957 506 3024 multitudo.
532 2965 624 3014 Romo
649 2961 705 3015 leui
729 2961 760 3017 ab
778 2965 894 3032 Augusto
920 2964 1011 3020 milites

100 3079 104 3090 ,
134 3031 220 3099 partim
238 3047 252 3084 e
268 3031 403 3098 libertinis,
428 3034 516 3100 partim
541 3051 573 3085 es
599 3033 693 3100 urbana
719 3035 807 3102 plebe,
830 3045 854 3090 ut
872 3036 905 3090 ad
922 3037 1010 3098 Rheni

103 3153 108 3159 .
132 3104 271 3157 custodiam
291 3103 375 3165 missi,
393 3119 449 3172 post
466 3123 541 3169 raesas
558 3123 618 3158 cum
638 3113 702 3160 Varo
719 3107 844 3176 legiones.

101 3173 163 3246 (99)
184 3174 303 3232 Adscisci
328 3177 502 3252 imperatores.
528 3177 630 3244 Lipsius
654 3179 738 3238 mallet
762 3179 944 3256 imperaturos:
967 3180 1012 3232 sed

134 3247 196 3300 nihil
214 3249 382 3310 mutandum:
408 3265 468 3312 tram
488 3249 660 3319 intelliguntur
678 3251 810 3314 Tiberius,
833 3260 933 3308 Drusus
954 3253 1012 3314 ejus

133 3315 221 3380 stater,
239 3329 262 3372 ot
281 3322 464 3384 Germanicus,
489 3322 533 3391 qui
549 3324 694 3376 Germanici
718 3324 869 3394 cognomine
892 3321 1010 3377 simul&

135 3389 293 3455 imperatoriis
309 3392 457 3446 nominibus
474 3395 590 3462 appellati
609 3396 724 3449 literam.

102 3459 182 3536 (109)
201 3461 340 3528 Vecordia.
360 3465 447 3538 Animi
464 3479 534 3530 tanta
560 3467 727 3536 perturbatio,
752 3481 779 3525 ut
798 3483 851 3520 nou
869 3470 953 3543 procul
969 3467 1011 3528 ab.

179 3551 213 3611 C.
222 3551 291 3611 Tot.
301 3553 336 3610 T.
347 3555 371 3612 1.
686 3547 720 3614 Y
