2538 3948
230 331 300 399 ,35⁶
516 307 569 377 ru
601 303 895 376 Ltununtt.

229 451 307 530 (ης)
326 445 443 508 Precibus
461 443 668 502 contumacibus.
694 449 758 513 Qae
783 448 836 501 scil.
861 447 1006 510 adjuniiam
1024 443 1155 510 heberent

268 524 473 580 contumaciam.

228 591 524 672 (154)0pertisodir's.
556 583 656 646 Relie:
683 609 743 646 nam
770 591 896 651 infrare.
920 597 1088 648 Germanicus
1106 597 1154 656 de-

265 685 339 722 mum
357 669 488 720 renuntiat
506 666 643 718 amicitiam
661 666 763 718 Pisoni.
782 670 843 719 Non
863 665 938 734 igitur
955 667 1152 723 audiendusLi-

266 743 354 809 psius,
371 739 415 808 qul
433 739 529 808 reponit
546 737 642 810 apertis
659 733 741 792 odiit.
1044 723 1051 752 '

225 809 303 884 (¹55)
321 810 450 884 Principis
469 808 632 884 Romani...
643 805 839 882 fida-dari.
860 811 922 862 Tale
936 810 1048 863 videlicet
1062 811 1149 864 discri-

263 903 323 942 men
347 900 493 938 cotonasum
512 882 631 950 arguebat
648 884 720 944 Piso,
744 883 838 949 quippe
861 884 906 951 qui
924 884 1079 937 Germanico
1099 884 1148 949 ipsi

168 986 183 1022 t
264 957 388 1027 aqualem
405 973 431 1006 se
449 955 534 1008 feners
560 956 728 1030 nequeenim
748 960 864 1015 Romu,
888 955 952 1007 sicut
976 956 1001 1006 ln
1026 955 1149 1024 gentibus

210 1047 318 1100 „qua
336 1041 498 1096 regnarentur
516 1059 526 1089 ,
545 1027 666 1095 principes
685 1027 719 1078 ita
737 1027 854 1080 dominos
871 1043 940 1088 esse,
959 1041 986 1080 ut
1003 1029 1075 1080 ceteri
1096 1045 1149 1082 ser·

260 1102 287 1154 vi
304 1113 403 1157 essent.

215 1170 308 1248 ¹(156)
328 1173 458 1246 Renovarl
474 1169 596 1230 betros.
616 1171 734 1242 Foedera:
765 1167 867 1225 hernac
891 1188 936 1239 pro
952 1171 1001 1224 fide
1019 1180 1042 1225 dt
1060 1170 1149 1224 foede-

265 1247 332 1300 tibus
348 1247 415 1300 sumi
435 1259 523 1298 notum
542 1257 594 1297 est.
666 1249 685 1262 '⁴

219 1309 304 1390 '‘157)
320 1323 385 1372 Neu
398 1330 504 1392 proceret
521 1317 660 1389 gentium.
686 1322 724 1370 Ne
749 1315 875 1383 profestos
899 1317 963 1368 inter
985 1323 1009 1369 dt
1033 1329 1171 1383 satrapas-

256 1392 371 1458 gentium
391 1391 576 1456 plurimarum,
601 1405 657 1454 qua
680 1387 777 1440 Parthis
801 1375 942 1456 pareliant,
966 1389 1148 1441 discordias&

255 1459 400 1520 rebelliones
417 1471 519 1517 sereret,
538 1459 665 1508 mittendis
682 1459 714 1508 ad
731 1475 775 1510 eos
791 1477 805 1509 e
825 1461 964 1526 propinquo
984 1461 1106 1513 nuntiis.

237 1529 283 1588 158
317 1526 495 1602 Cognoscendae
510 1527 699 1598 antiquitatis.
718 1530 810 1594 supple
824 1529 924 1590 studio,
942 1547 1020 1588 certe,
1038 1534 1148 1599 gratia.
1221 1561 1223 1566 ν

216 1531 281 1680 {159
318 1600 440 1662 Horrsir.
462 1597 602 1666 inquibus
625 1597 755 1650 frumenta
773 1604 887 1651 Romam
912 1600 1066 1666 deportanda
1089 1623 1148 1658 ser-

252 1673 392 1730 vabantur.

216 1741 294 1818 (too)
312 1739 425 1800 Pedibus
443 1739 567 1804 inretiti,
584 1743 602 1794 i.
621 1759 644 1794 e.
662 1757 715 1794 non
732 1744 863 1804 calceatis,
880 1743 923 1794 sed
940 1745 1054 1798 soleatis.
1073 1747 1144 1800 Cal.

252 1834 311 1874 ctus
328 1817 415 1886 pedem
434 1825 459 1870 dt
475 1816 540 1868 tibine
559 1829 655 1880 partem
670 1815 806 1876 vestiebat,
823 1814 890 1878 solea
902 1816 998 1881 plantas
1012 1829 1142 1872 tantum.

252 1889 321 1945 Pati
336 1906 395 1943 cum
412 1887 511 1943 Grecis
529 1882 647 1948 amidio,
672 1887 690 1940 i.
707 1902 731 1939 e.
758 1887 833 1954 pallio
851 1923 859 1941 .
885 1893 926 1942 De
944 1886 988 1940 hoc
1007 1890 1141 1956 Scipionis

252 1962 348 2016 amidlu
367 1961 424 2013 vide
441 1962 502 2016 le.
516 1975 560 2016 29·
1000 1997 1006 2002 ,

213 2031 295 2157 (top)
312 2039 380 2090 Non
394 2044 482 2108 sponte
500 2031 643 2106 principis.
669 2037 729 2086 Non
752 2033 908 2100 voluntate,
932 2047 984 2086 non
1010 2036 1138 2101 permissu

288 2107 327 2158 nci
347 2107 381 2158 is.
878 2139 880 2144 ·

212 2123 291 2248 (illl)
309 2123 452 2248 quuitibnr
470 2213 477 2228 .
496 2213 504 2229 .
524 2212 532 2226 .
551 2213 559 2228 .
583 2174 755 2231 inlustribus.
781 2180 833 2244 Qui
852 2179 1004 2231 senatorium
1024 2194 1137 2240 censum

250 2249 416 2315 possiderent,
434 2256 457 2299 et
477 2249 598 2314 permissu
617 2249 733 2316 principis
751 2265 820 2302 veste
837 2251 960 2302 senatoris
986 2264 1136 2308 uterentur.

211 2317 290 2390 (μσς)
309 2315 458 2390 Dejellus·
477 2319 516 2372 sic
533 2321 642 2389 legimus
659 2338 719 2372 cum
738 2324 792 2387 Jac.
806 2322 954 2376 Gronovio.
973 2321 1060 2373 Codex
1079 2341 1134 2384 ms,

246 2389 323 2444 habet
339 2387 471 2453 deicitur,
494 2391 562 2443 unde
580 2392 630 2444 levi
655 2395 798 2446 mutatione
821 2389 938 2464 dejedlns
961 2391 1066 2445 efficitur
1083 2411 1133 2462 po..

246 2463 297 2518 tius
314 2481 392 2532 quam
409 2459 530 2524 hiatus,
548 2480 603 2531 quae
623 2481 674 2515 vox
694 2463 786 2530 placuit
804 2464 920 2516 Beroaldo
938 2471 962 2516 dt
980 2465 1051 2517 aliis.

211 2533 277 2607 (164
310 2531 426 2590 seruiiis
442 2529 567 2590 molibus.
586 2536 745 2600 Pyramides,
763 2537 882 2590 obeliscos
899 2535 1024 2604 intellige.

209 2610 271 2682 (165
305 2603 456 2680 Rbasnsm.
481 2607 533 2674 Qu
557 2615 581 2660 dt
606 2606 757 2662 Rhamesses
781 2613 804 2661 u
828 2609 944 2661 Sesostris
961 2609 993 2661 ab
1010 2611 1065 2664 aliis
1089 2611 1130 2665 di.

245 2695 324 2737 cnut.
826 2711 832 2718 -

205 2743 286 2822 (tot)
304 2752 339 2804 Vi
356 2748 532 2816 Parthorum,
557 2754 575 2806 i.
592 2769 615 2808 e.
635 2753 755 2819 imperio,
779 2771 831 2823 quo
848 2769 923 2807 sensu
942 2759 1011 2807 Ann.
1033 2776 1060 2818 3,
1079 2766 1127 2817 60,

243 2825 341 2896 Regum
356 2826 438 2880 etiam
456 2826 503 2898 qui
519 2837 581 2880 ante
596 2825 650 2876 vim
670 2830 816 2879 Romanam
836 2822 990 2894 valuerant,
1006 2824 1125 2886 deonna.

203 2895 270 3038 {167
303 2895 458 2965 Disjedias,
482 2900 498 2952 l.
516 2917 539 2951 e.
558 2897 668 2958 soltttas,
686 2899 865 2952 dissociabiles.

223 2970 268 3018 1⁶8
304 2970 469 3030 certamine.
488 2977 559 3024 Dum
577 2971 669 3037 singuli
687 2969 749 3024 alios
766 2987 878 3038 superare
896 2981 1006 3024 certant.

134 3067 137 3072 -
204 3041 269 3113 (169
301 3035 393 3092 olim.
420 3045 457 3092 Eo
475 3055 585 3108 tempore
609 3055 661 3109 quo
684 3045 854 3097 Germanicus
878 3057 907 3097 ea
925 3045 978 3096 loca
996 3045 1121 3110 pervasit.

240 3117 338 3164 Nunc.
358 3112 409 3162 Sub
428 3114 573 3178 imperatore
593 3115 716 3176 Trojano.

201 3181 281 3322 (ml
302 3181 423 3254 Regiam.
446 3186 611 3237 Bovlasmum
631 3187 657 3237 in
677 3188 806 3252 Hercynia
824 3189 903 3240 silva.

201 3255 264 3320 (¹71
297 3251 471 3309 Violentiam.
490 3257 598 3322 Robur,
617 3259 708 3310 virium
729 3260 951 3328 magnitudinem,
969 3275 1021 3329 quo
1039 3278 1117 3324 sensu

202 3369 205 3377 .
238 3337 370 3388 usurpatur
388 3345 439 3392 vox
451 3321 566 3398 ftrocr'a.
809 3337 814 3348 ¹

200 3388 277 3458 (ιη)
301 3399 464 3482 ipsorumque
485 3415 592 3481 regum.
617 3402 751 3455 Mallemns
774 3403 886 3485 ipserum
910 3421 1007 3490 quoque
1029 3419 1115 3482 rogum

231 3461 351 3538 ingenia,
