2446 3942
170 249 888 340 AN.U.C.DCCLXV11.AER.CHR.14.
947 290 988 344 ²⁹

60 419 141 474 tem
164 409 371 474 necessitatem
393 423 502 496 sponte
523 411 689 497 praevenit:
711 411 746 479 ἀ
768 413 908 496 Drusus,
931 437 990 484 noa
1046 493 1049 500 ¹

60 523 246 613 exspellato
268 525 441 616 legatorum
463 545 622 614 regressu,
643 527 713 616 quia
734 532 896 618 praesentia
919 532 991 598 satis

59 641 291 722 consederant,
314 641 345 705 in
367 641 473 710 urbem
494 639 602 704 rediit.

76 873 168 940 Idem
188 877 222 939 ia
243 877 414 942 Germania
435 870 584 958 inferiore
604 889 728 955 marus,
750 880 803 958 qui
826 877 977 958 consedit,
1055 873 1057 881 ⁴

287 1010 350 1057 non
373 991 440 1054 sine
453 985 603 1076 sanguine
624 987 667 1063 lo
690 989 783 1058 cede.

131 1219 264 1285 XXXI.
280 1219 389 1285 Iisdem
411 1217 508 1285 ferme
528 1221 648 1302 diebus,
670 1221 777 1288 iisdem
801 1224 896 1290 causis
911 1221 995 1288 Ger·
1047 1187 1053 1200 Ι

61 1329 205 1400 manicae
226 1329 359 1425 legiones
381 1329 528 1417 turbatas,
551 1355 667 1426 quanto
680 1337 802 1425 plures,
826 1355 914 1404 tanto
929 1340 993 1404 vio·
1067 1345 1073 1364 '

64 1430 200 1516 lentius:
223 1449 257 1517 ἃ
278 1473 387 1540 magna
409 1473 479 1540 spe,
501 1449 586 1533 fore,
608 1469 645 1517 ut
665 1451 869 1520 Germanicus
882 1453 992 1522 Cesar

62 1565 231 1653 imperium
253 1565 379 1632 alterius
399 1568 463 1656 pati
486 1561 645 1660 nequiret,
666 1567 814 1662 daretque
835 1591 868 1636 se
891 1559 989 1661 legio-

62 1683 174 1762 nibus,
199 1683 300 1748 visua
323 1681 429 1748 cunels
451 1683 600 1749 tratlnrus
622 1692 714 1770 (95)·
749 1685 824 1752 Duo
843 1684 924 1774 apud
948 1686 991 1750 ri·

63 1819 141 1886 pam
164 1795 273 1867 Rheni¹
288 1800 442 1864 exercitus
470 1816 576 1865 erant:
603 1801 655 1864 cui
683 1821 793 1866 nomen
824 1799 990 1889 superiori,

64 1915 123 1978 sub
142 1909 185 1978 C.
206 1913 280 1979 Silio
302 1915 424 2004 legat03
448 1889 624 1980 inferiorem
648 1910 826 1980 A.Caecina
848 1913 991 1982 curabat.

64 2027 226 2119 Regimen
255 2049 383 2093 summae
414 2029 459 2092 rei
490 2047 583 2113 penes
604 2025 845 2106 Germanicum,
875 2026 994 2117 agendo

64 2143 249 2208 Galliarum
268 2141 373 2206 censui
386 2158 453 2206 turn
469 2141 621 2210 intentum
635 2149 722 2228 (9⁶)·
744 2141 802 2207 Sed
825 2143 930 2232 quibus
943 2140 993 2208 Si-

65 2259 129 2323 lius
149 2257 380 2337 moderabatur,
404 2274 510 2347 mente
529 2257 668 2348 ambigua
690 2253 843 2324 fortunam
866 2257 991 2324 seditio-

66 2375 115 2440 nis
134 2373 248 2438 alienae
269 2373 520 2463 speculabantur:
555 2369 708 2440 inferioris
728 2375 880 2440 exercitus
901 2373 991 2440 miles

66 2481 99 2555 in
129 2490 244 2556 rabiem
274 2490 429 2578 prolapsus
457 2507 522 2570 est,
561 2507 630 2555 orto
659 2491 696 2556 ab
725 2487 990 2554 unetvicesimanis

66 2603 286 2696 quintanisque
309 2605 394 2670 initio
401 2643 423 2686 ‚-
441 2601 477 2672 ὅ(
499 2603 602 2672 trallis
622 2605 722 2694 prima
743 2625 864 2696 quoque
887 2625 922 2668 ac
944 2603 989 2670 ri·
1042 2592 1045 2598 ¹

67 2719 183 2788 cesima
212 2718 391 2810 legionibus:
422 2743 492 2787 nam
521 2722 626 2788 lisdem
657 2719 788 2801 aestivis,
826 2720 858 2783 in
887 2715 990 2784 finibus

68 2833 228 2903 Ubiorum
259 2841 349 2922 (97),
381 2834 563 2902 habebantur
593 2857 649 2926 per
678 2837 795 2916 otium,
832 2851 883 2900 aut
912 2833 988 2900 levia

70 2953 191 3019 munia.
215 2951 319 3042 Igitur
341 2950 446 3016 audito
468 2951 527 3018 fine
549 2946 704 3042 Augusti,
726 2952 893 3034 vernacula,
908 2952 987 3016 mul-

70 3070 173 3134 titudo
195 3075 288 3155 (98),
319 3087 418 3157 nuper
439 3061 562 3134 atlo'in
593 3065 667 3132 urbe
694 3066 829 3150 deleClu,
857 3065 988 3132 lascivias

72 3203 177 3266 sueta,
204 3186 343 3252 laborum
366 3184 554 3266 intolerans,
582 3183 710 3274 implere
738 3201 913 3250 ceterorum
936 3199 1012 3250 rw,

73 3300 127 3364 des
147 3301 276 3368 animos:
299 3282 425 3368 Venisse
444 3317 584 3388 tempus3
606 3323 665 3386 quo
677 3304 818 3367 veterani
832 3309 1000 3361 maturam»

74 3417 271 3498 missionem,
288 3421 417 3501 iuvenes
435 3415 579 3505 largiora
603 3416 775 3505 stipendia,
802 3407 901 3486 curli
923 3429 988 3476 1ηο-
