2434 3940
207 353 273 405 ιιι
365 343 369 353 ’
411 313 721 392 Aunanmm
748 301 931 390 nlnuv.
1023 373 1028 376 ,

202 505 205 512 ·
264 469 324 545 xl„
355 467 442 539 Haec
465 467 561 562 vulgo
583 464 712 553 jactata,
741 491 833 560 cuper
855 471 906 556 id,
936 471 1018 564 quod
1041 475 1131 544 nullo

202 581 325 662 rudore
347 606 437 657 corto
458 585 636 670 firmantur,
658 603 804 677 prompte
826 583 1026 658 refutaveris.
1047 589 1131 686 Qus

201 711 289 777 onim
310 697 458 775 mediocri
480 701 664 795 prudentia,
697 703 811 772 nedum
833 701 1003 790 Tiberius,
1032 707 1128 776 tantis

200 827 300 896 rebus
308 824 480 904 exercitus,
502 819 638 888 inaudito
647 817 710 888 filio
724 820 856 890 exitium
870 823 999 890 offerret
1008 825 1129 916 ,idque

198 953 254 1012 tua
268 961 380 1022 manu,
407 936 444 1011 or
457 937 543 1004 nullo
565 935 604 1005 ad
618 938 829 1028 paenitendum
852 944 1011 1054 regressu?
1036 946 1129 1029 (35)

197 1055 402 1151 erinpotius
424 1055 719 1124 ministrunvcneni
734 1043 953 1138 excruciaret,
967 1047 1127 1126 artiorem

197 1174 429 1268 exqulreret,
420 1174 512 1242 msica
531 1170 684 1260 denique,
705 1173 800 1238 etiam
822 1171 855 1240 in
870 1191 1033 1240 extraneos
1046 1195 1129 1240 cun·

196 1291 332 1360 t‘lacione
352 1289 387 1357 dr
408 1311 514 1370 mora,
534 1287 695 1352 adversum
718 1287 841 1354 unicum
863 1286 898 1356 δε
914 1289 1027 1356 nullius
1048 1307 1127 1358 ante

195 1407 309 1498 flagitii
332 1418 548 1491 compertum,
570 1415 731 1466 uteretur.
753 1400 816 1468 Sed
838 1403 910 1492 quia
925 1405 1060 1487 Sejanus·
1077 1404 1126 1474 fa-

193 1523 334 1590 cinorum
355 1515 490 1582 omniurn
513 1529 659 1604 repertor
680 1514 865 1599 habebatur,
887 1540 927 1586 er
952 1522 1046 1589 ninia
1071 1545 1126 1595 ca.

191 1623 291 1705 ritate
311 1636 343 1702 in
359 1655 437 1700 euro
457 1627 611 1711 Caesaris,
638 1627 675 1698 dt
696 1645 872 1699 ceterorum
893 1633 926 1700 in
952 1653 1126 1728 utrumque

190 1754 292 1835 odio,
327 1748 465 1842 quamvis
494 1745 628 1815 fabulosa
657 1745 692 1814 dt
714 1747 866 1816 immania·
886 1728 1123 1822 credebantur:

190 1869 346 1937 atrociore
378 1885 503 1955 semper
528 1860 608 1931 lama
637 1885 713 1958 erga
735 1861 960 1933 dominantium
990 1867 1120 1934 exitus.

189 1985 285 2052 Ordo
303 1983 418 2074 alioqui
440 1981 583 2064 sceleris,
613 2001 671 2072 per
693 1976 862 2071 Apicatam
884 1981 989 2064 Seiani
1011 1985 1119 2073 prodi·

188 2115 261 2182 tus,
298 2099 464 2168 tormentis
493 2095 627 2164 Eudemi
654 2119 691 2165 ac
712 2095 818 2191 Lygdi
847 2095 1014 2189 patefadlus
1044 2117 1117 2169 estc
1200 2125 1202 2183 4

187 2235 295 2304 neque
320 2212 480 2300 quisquam
501 2209 634 2300 scriptor
664 2227 728 2276 tam
750 2210 887 2280 infensus
908 2216 1050 2298 exstitit,
1080 2232 1116 2284 ut
1198 2219 1200 2289 J

185 2323 320 2396 Tiberio
342 2323 535 2407 objedlaret,
568 2347 639 2391 cnm
666 2326 770 2392 omnia
790 2327 849 2393 alia
871 2331 1115 2419 conquirerent,
1197 2339 1198 2343 ’

184 2443 463 2533 intenderentque.
493 2439 580 2508 Mihi
602 2441 745 2508 tradendi
773 2444 983 2534 arguendique
1003 2467 1117 2512 rumo-
1194 2443 1196 2503 J

183 2561 228 2632 ris
249 2555 440 2641 concaluit,
461 2557 623 2641 ut,claro
646 2557 698 2624 sub
721 2555 999 2649 exemplo,falsas
1020 2562 1110 2629 audi·
1192 2535 1194 2611 l

183 2677 286 2745 tiones
306 2675 518 2767 depellerem,
544 2691 750 2766 peteremque
778 2675 858 2742 ab'
837 2697 893 2760 us,
920 2697 1056 2766 quorum
1076 2680 1108 2746 in

181 2811 290 2863 manus
310 2815 384 2862 cura
405 2807 509 2860 nostra
532 2792 672 2874 venerit,
701 2811 741 2860 ne
762 2790 921 2886 divulgata
943 2809 1037 2885 atque
1059 2795 1105 2862 in·
1187 2785 1189 2879 l

181 2906 358 2992 meffibflia,
379 2909 470 2980 avide
491 2924 640 2999 accepta,
670 2909 770 2995 veris,
798 2931 900 3004 neque
921 2910 953 2978 in
976 2912 1104 2982 miracu·
1185 2899 1187 2985 l

180 3024 247 3096 lurn
268 3025 443 3125 corruptis,
464 3025 689 3096 antehaboant.
1184 3003 1185 3039 ¹
