2474 3944
142 389 146 398 Ι
229 307 294 366 rsa
433 275 742 354 ANNALIUM
768 277 955 357 nlnlv.

227 543 369 616 Tiberius
390 548 424 614 in
446 549 648 637 Campaniam
670 547 803 616 secedit.
827 547 875 616 tbi
888 553 1049 641 repentino
1070 551 1157 642 lapi.

283 664 359 730 dum
387 660 477 752 lapara
504 663 760 752 periclitantem,
788 668 927 754 opposito
946 681 1093 756 conpone,

325 777 466 866 periculo
479 783 587 848 eximie
601 786 758 868 sejanus,
771 799 808 850 en
822 803 855 852 eo
870 787 993 868 major,
1005 782 1049 862 ln

419 895 568 966 adversus
597 900 776 968 Germanici
805 903 931 988 stirpem

467 1061 470 1068 ,
580 1016 769 1108 ‚numatam

231 1281 235 1292 ·
285 1235 394 1314 LVII.
417 1237 505 1312 Inter
519 1264 610 1336 qnae,
632 1245 685 1314 diu
700 1244 870 1329 meditato,
894 1247 1077 1338 prolatoque
1091 1265 1158 1312 sae·

227 1355 295 1450 pius
314 1357 458 1442 consilio,
482 1361 607 1430 tandem
630 1359 740 1428 Caesar
760 1361 797 1426 iit
820 1358 1048 1451 Campaniam,
1079 1381 1153 1451 spe-.-

227 1474 275 1542 tie
296 1455 455 1541 dedicandi
477 1477 592 1568 templa
612 1476 692 1565 apud
709 1474 850 1565 Capuam
872 1473 959 1560 lovi,
981 1479 1063 1568 apud
1080 1475 1152 1545 No-

226 1589 288 1659 lam
310 1582 475 1680 iugurro,
497 1593 547 1662 sed
567 1606 670 1658 certus
683 1590 790 1680 procul
800 1584 1037 1682 Urbedegeee.
1061 1591 1156 1660 Cau-

226 1725 291 1772 sam
312 1704 489 1790 abscessus,
509 1727 692 1796 quamquam
712 1721 834 1772 secutus
864 1705 1010 1794 plurimos
1041 1707 1158 1774 audo-

227 1839 318 1904 turn,
338 1818 378 1888 ad
399 1821 500 1904 Seiani
519 1838 601 1888 artes
616 1823 727 1890 retuli:
750 1821 822 1911 quia
837 1837 960 1905 tamen,
982 1820 1069 1889 caede
1084 1825 1156 1904 ejus

230 1953 381 2030 patrata,
402 1959 456 2006 sex
480 1953 587 2028 postea
606 1959 702 2004 *annos
724 1937 789 2027 pari
812 1952 933 2004 secreto
961 1938 1153 2020 conjunxit,

228 2053 416 2143 plerumque
438 2075 649 2144 permoveor,
679 2074 751 2120 num
779 2052 937 2143 adipsum
964 2051 1071 2121 referri
1092 2074 1153 2118 ve-

226 2165 290 2231 rius
304 2165 364 2246 sit,
386 2167 538 2234 saeuitiam
551 2192 587 2236 ac
600 2169 776 2252 libidinem,
790 2191 861 2236 cum
876 2165 959 2236 settis
971 2185 1151 2262 promeret,

226 2277 302 2346 locis
325 2278 553 2348 occultantem.
575 2281 693 2365 Erant,
715 2286 769 2374 qui
788 2285 976 2366 crederent,
1004 2288 1037 2350 in
1059 2305 1150 2349 sene-

228 2391 312 2462 dure
333 2393 472 2482 corporis
492 2417 616 2488 quoque
638 2397 774 2468 habitum
795 2399 902 2490 pudori
922 2397 1026 2466 faisse:
1055 2401 1151 2488 quip-

226 2531 268 2602 pe
287 2509 337 2576 'illi
358 2511 602 2603 praegracilis&
623 2514 746 2584 incurva
767 2512 952 2605 proceritas,
975 2514 1074 2582 nudus
1097 2537 1152 2580 ca-

226 2626 304 2717 pillo
326 2643 456 2712 vertex,
478 2630 615 2698 ulcerosa
635 2629 747 2714 facies,
768 2653 804 2699 ac
819 2631 999 2722 plerumque
1014 2631 1150 2698 medica-

228 2741 364 2819 minibus
387 2743 594 2814 interstincta:
616 2746 652 2816 ἀ
674 2746 778 2814 Rhodi
799 2765 938 2831 secreto,
961 2751 1056 2815 vitare
1076 2769 1152 2814 cce-

227 2871 306 2940 tus,
328 2861 499 2930 recondere
533 2864 705 2954 voluptates
733 2865 890 2932 insuerat.
916 2861 1066 2932 Traditur
1094 2879 1151 2928 et-

230 2969 292 3033 lam
313 2979 425 3059 (¹37),
447 2980 553 3048 matris
575 2979 757 3070 impotentia
783 2997 958 3066 extrusum,
978 3001 1069 3072 qnam
1089 2978 1151 3045 do-

226 3083 404 3154 minationis
415 3093 526 3158 sociam
541 3096 775 3183 aspernabatur,
798 3117 898 3187 neque
919 3096 1076 3186 depellere
1090 3117 1148 3184 po-

228 3217 333 3283 terat,
355 3223 425 3268 curn
447 3206 686 3281 dominationem
707 3212 802 3302 ipsam
823 3212 936 3280 domun
965 3215 1031 3294 ejus
1058 3231 1147 3277 acce·
1230 3283 1231 3286 Ἴ

90 3401 92 3404 ¹
226 3314 337 3398 pisset.
368 3315 447 3385 Nam
477 3319 669 3390 dubitaverat
689 3322 875 3417 Augustus,
904 3325 1147 3408 Germanicum,

225 3428 336 3496 sororis
359 3449 524 3524 nepotem,
546 3433 715 3530 &Ucuniiis
728 3437 919 3524 'laudatum,
949 3444 995 3511 rei
1025 3441 1145 3512 Roma-
