2474 3944
231 279 292 336 32⁴
432 237 739 312 nsunt-mm
766 241 863 309 utu.
889 241 950 313 vr.
1025 257 1030 270 ·

226 399 315 468 simul
338 385 452 463 crebris
480 413 552 460 curn
574 389 715 469 lacrymis
744 390 893 456 minorem
923 414 963 458 ex
985 393 1142 482 nepotibus

224 513 422 604 complexus,
451 507 532 574 truci
552 506 678 572 alterius
700 505 811 572 vultu:
848 507 958 574 occides
987 507 1066 576 bunc
1087 529 1120 576 ru
1132 559 1143 592 ,

223 630 343 722 inquit,
372 621 421 700 δ”
438 641 468 690 te
490 623 594 690 alius.
637 619 700 687 Sed
722 638 924 712 gravescente
952 624 1142 706 ualetudine,

226 883 298 928 nem
321 857 483 943 simulans;
507 853 672 941 solitusque
695 853 820 918 eludere
842 852 1027 922 medicorum
1042 873 1139 938 artes,

222 993 317 1065 etque
338 994 411 1054 eos,
441 971 493 1060 qui
516 985 584 1059 post
607 968 795 1034 tricesimum
818 967 918 1032 aetatis
937 991 1071 1052 annum,
1103 974 1141 1038 ad

221 1085 458 1164 internoscenda
480 1085 602 1174 corpori
624 1105 678 1152 suo
700 1083 806 1178 utilia,
839 1083 888 1152 vel
911 1085 1016 1166 noxia,
1043 1087 1141 1168 alieni

222 1205 338 1276 consilii
359 1203 552 1294 indigerent.
909 1201 911 1204 ’

282 1317 424 1386 XLVII.
447 1315 577 1380 Interim
600 1313 713 1380 Ronae
738 1311 846 1380 futuris
870 1314 965 1382 ctiam
988 1334 1057 1407 post
1079 1312 1141 1383 Ti«

217 1433 336 1500 betium
357 1429 488 1496 caedibus
508 1428 622 1492 semion
644 1428 845 1506 jaciebantur.
889 1428 1008 1498 Laelius
1027 1432 1142 1500 Balbus

216 1541 382 1624 Ananiam,
410 1540 446 1616 P,
469 1539 593 1610 Vitellii
614 1541 766 1628 quondam
793 1563 939 1623 uxorem,
968 1549 1142 1628 majestatis

216 1659 441 1750 postulaverant
464 1677 522 1744 qus
542 1656 704 1736 damnata,
731 1677 802 1722 cum
824 1657 986 1744 premium
1008 1677 1143 1735 accusa-
1221 1691 1222 1778 i

99 1837 104 1846 ,
215 1775 278 1840 tori
298 1774 542 1853 decerneretur,
571 1769 676 1857 Iunius
697 1769 813 1852 Otho,
846 1770 984 1839 tribunus
1006 1776 1139 1863 plebei,

216 1890 406 1958 intercessit:
437 1887 517 1954 unde
539 1885 600 1950 iliis
621 1885 689 1952 odia
709 1891 819 1974 (¹04),
841 1907 913 1952 mox
935 1886 1057 1958 Othoni
1078 1913 1139 1960 eus

214 2005 330 2071 silium.
354 2003 439 2072 Dein
460 2004 630 2070 multorum
650 2002 799 2068 amoribus
820 1997 932 2070 famosa
957 1998 1138 2090 Albucilla,

212 2120 264 2184 nui
285 2119 513 2183 matrimonium
534 2140 605 2184 oum
625 2117 729 2184 Satrio
749 2117 891 2186 Secundo
913 2124 1031 2206 (ros),
1054 2146 1136 2192 con«

212 2233 372 2314 jurationis
401 2231 527 2312 indice,
565 2228 691 2314 fuerat,
726 2230 865 2300 defertur
899 2215 1068 2324 impietatis
1095 2239 1133 2308 in

210 2344 402 2435 Principem:
428 2345 710 2428 connediebnntur,
725 2365 762 2414 ut
782 2347 916 2429 conscii,
937 2348 973 2415 dt
992 2351 1131 2426 adulteri

209 2464 277 2543 cios
284 2511 295 2545 ‚
316 2457 380 2528 Cn.
392 2459 568 2542 Domitius,
591 2460 702 2531 Vibius
724 2461 865 2542 Marsus,
889 2461 930 2532 L.
946 2459 1134 2540 Arruntius.

207 2575 264 2646 De
285 2577 467 2644 claritudine
489 2575 623 2648 Domitii
652 2597 740 2666 supra
762 2580 931 2646 memoravi
953 2605 961 2645 r
999 2579 1128 2652 Marsus

208 2713 332 2781 quoque
355 2691 482 2762 vetustis
503 2691 682 2774 honoribus,
704 2690 739 2758 dt
761 2693 897 2764 inlustris
918 2694 1024 2762 studiis
1044 2716 1123 2771 eret.

207 2803 269 2870 Sed
292 2813 416 2875 testium
429 2813 678 2896 interrogationi,
701 2813 865 2876 romunris
878 2833 1036 2880 tenturum
1049 2821 1132 2880 tta-s.

122 2999 130 3020 .
204 2938 328 2987 crum
347 2925 548 3008 prasedissr,
577 2925 790 2991 commentarii
817 2923 855 2990 ad
880 2944 1017 3004 senatum
1039 2929 1130 3004 missi,

205 3030 362 3121 fetebant5
384 3037 539 3127 nuiiaeque
561 3039 594 3103 in
607 3059 659 3104 eos
681 3038 880 3128 Imperatoris
900 3042 1001 3108 iiterae
1021 3047 1118 3132 cuspis

204 3149 323 3217 sionem
339 3149 449 3216 dobant
457 3199 468 3230 ‚
490 3152 624 3220 invalido
638 3177 673 3220 ac
688 3151 814 3224 fortasse
827 3155 957 3247 ignaro‚.
968 3154 1039 3224 fleta.
1047 3156 1126 3244 ples:

201 3279 313 3346 taque,
336 3265 374 3332 ob
394 3265 564 3330 inimicitias
589 3267 750 3336 Macronis
763 3271 894 3336 notasin
908 3265 1115 3348 Arruntium„

215 3391 220 3424 ³
255 3369 413 3448 XLVIII.
442 3377 542 3481 igitur
571 3379 745 3466 Domitius,
782 3381 990 3462 defensionem
1013 3387 1117 3464 medin
