2434 3940
240 362 298 420 ιη
437 341 747 418 ANN'ALIUM
778 346 993 422 Uli-111..
1037 387 1041 396 ·

234 513 356 596 puretm
364 549 374 581 ,
383 496 513 564 adsiduis
527 497 712 566 sermonibus
724 497 863 590 vulgati,
878 495 1022 566 fecerant
1034 520 1151 583 cutam,

234 641 274 686 ne
296 615 444 705 Princeps
466 614 603 704 antiqm
624 615 822 706 parcimonie
852 622 948 705 (roo)
971 615 1076 684 durius
1097 617 1151 684 ad·

233 748 390 802 verteret.
420 723 501 799 Nam
523 731 692 824 incipiente
720 729 763 800 C.
783 731 918 816 Bibulo,
949 733 1051 800 ceteri
1073 753 1151 825 quo-

198 873 200 878 ·
231 869 295 940 que
324 847 430 916 ediles
458 847 682 931 disseruerunt,
719 852 823 937 sperni
851 852 1079 938 sumptuariam
1108 849 1151 916 le-

229 975 301 1056 'gem
331 969 447 1053 (xro),
469 969 627 1052 curitaque
655 965 829 1033 utensilium
854 968 957 1054 pretia
982 969 1090 1052 augeri
1119 968 1153 1031 in

231 1082 322 1153 sies:
345 1101 399 1148 nec
420 1079 618 1168 mediocribus
631 1081 778 1150 remediis
795 1084 870 1148 sisti
887 1095 1003 1170 posses
1024 1076 1060 1146 dt
1071 1102 1154 1148 con-

162 1215 165 1220 ·
230 1197 307 1264 sulti
326 1213 456 1288 patres,
485 1193 643 1289 idtegrum
674 1199 704 1264 id
726 1197 887 1290 negotium
914 1195 953 1262 ad
973 1193 1152 1285 Principem

171 1377 174 1382 .
230 1313 434 1380 distulerant.
456 1312 518 1378 Sed
534 1309 700 1391 Tiberius,
723 1331 806 1399 saepe
827 1288 909 1399 apud
932 1333 966 1376 se
978 1313 1152 1402 pensitato,

226 1437 268 1492 'on
289 1423 427 1490 coerceri
457 1440 521 1489 tam
552 1421 686 1514 profusae
712 1424 869 1514 cupidines
896 1444 1051 1516 possent3
1079 1447 1152 1495 num

227 1539 375 1608 coercitio
396 1539 466 1627 plus
489 1538 594 1606 damni
616 1539 652 1607 io
671 1539 888 1629 rempublicam
909 1535 1028 1628 ferret3
1058 1562 1152 1634 quam

223 1654 407 1723 indecorum
427 1653 625 1740 adcredere,
652 1655 735 1747 quod
762 1677 825 1722 non
853 1652 1007 1722 obtineret
1031 1665 1154 1745 (111);

227 1772 279 1839 vel
302 1785 481 1856 retentum,
502 1773 702 1865 ignominiam
723 1770 759 1840 dc
782 1767 935 1838 infamiam
950 1751 1087 1838 virorum
1101 1773 1153 1838 in·

114 1901 120 1914 ·
227 1885 370 1955 lustrium
386 1905 543 1979 posceret:
560 1907 718 1980 postremo
731 1889 837 1957 literas
850 1887 1045 1954 aduenarum
1055 1909 1151 1957 com·
1177 1904 1181 1907 ·

185 2083 190 2092 ,
227 2003 349 2096 posuit,
372 2025 501 2094 quarum
523 2008 678 2075 sententia
696 2007 731 2072 in
754 2005 835 2074 hunc
850 2003 974 2071 modum
993 2000 1089 2072 fuit.'

286 2117 376 2182 L111.
399 2111 516 2186 Celeris
529 2122 672 2206 forsitan
694 2128 728 2190 in
750 2122 860 2205 rebus,
885 2136 995 2210 patres
1016 2122 1148 2191 comari-

223 2235 294 2320 pti,
316 2233 414 2315 magis
435 2235 574 2320 expediat
597 2255 646 2300 me
665 2255 770 2301 eoram
791 2229 1002 2322 interrogari,
1033 2236 1077 2313 dm
1100 2238 1147 2304 ali·

224 2363 296 2411 cere
308 2345 422 2426 ,inuia
441 2365 458 2410 e
481 2345 637 2434 republica
656 2369 818 2415 censeam:
840 2351 874 2413 in
895 2345 953 2416 bac
975 2345 1146 2431 relatione,

225 2454 372 2527 subtrahi
392 2461 489 2528 oculos
509 2455 594 2526 meos
616 2462 722 2530 melius
750 2463 845 2550 filit,
874 2479 910 2528 ste
931 2443 1160 2532 enatantem?
1198 2439 1199 2446 i

225 2575 315 2646 uobis
338 2597 414 2659 ora,
435 2559 605 2650 acinetum
626 2577 845 2665 singulorum,
873 2583 925 2666 qui
944 2577 1078 2667 pudendi
1100 2581 1144 2647 lu·

200 2743 203 2750 .
224 2717 284 2759 xus
306 2709 524 2779 arguerentur,
545 2696 611 2782 ipse
631 2674 724 2761 eriam
746 2693 887 2763 uiderem
907 2717 976 2776 eos,
1003 2694 1141 2784 aelvrlar

224 2804 492 2894 deprehenderem.
521 2811 615 2898 ,Quod
633 2813 662 2876 si
686 2831 802 2879 mecum
824 2828 894 2880 ante
914 2813 980 2879 oiri
1002 2813 1140 2892 strenui,

223 2920 344 3002 aediles,
374 2929 535 2994 consillum
561 2924 767 3011 babuissenr3
796 2931 895 2996 neseio
922 2947 963 2992 an
992 2947 1139 2995 suasurus

216 3035 356 3128 fuerim,
377 3047 522 3110 omittere
537 3047 645 3130 potius
662 3041 838 3133 prevalida
858 3042 902 3121 dn
922 3041 1136 3124 aunsetila,

178 3227 180 3239 Α
224 3173 318 3240 quam
338 3149 394 3222 bot
414 3158 556 3243 adsequi,
578 3179 615 3225 ut
632 3161 740 3249 palam
757 3158 869 3244 fieret,
889 3157 1135 3250 quibusflagitiis

221 3270 361 3354 impares
380 3288 530 3338 essemus:
552 3275 611 3341 sed
628 3275 674 3344 illi
686 3277 806 3363 quidem
820 3274 917 3364 officio
935 3275 1033 3364 furdii
1054 3290 1134 3356 sunt,

220 3393 257 3441 ut
277 3401 396 3455 ceteros
417 3409 534 3476 quoque
557 3396 760 3478 magistratus
791 3399 848 3458 sua
877 3397 981 3460 munia
1010 3392 1134 3480 implere

216 3491 329 3560 nelma
358 3501 435 3570 mibi
455 3521 557 3574 autem
586 3503 694 3595 nepue'
710 3505 871 3578 honesturn
893 3510 1021 3592 silere,
1044 3525 1147 3595 neque
