2446 3942
236 285 272 338 a
312 359 314 368 y
423 211 758 338 luxurium
786 266 884 334 arn.
907 266 932 336 1.

231 425 346 501 ritem,
377 433 573 508 promptum,
603 416 716 482 artibus
744 417 895 508 egregiis,
924 415 1047 511 &pari
1069 414 1149 488 lama

231 539 369 630 publice,
398 531 598 622 suspectabat.
635 530 762 622 Qxippe
793 530 971 624 Augustus,
1002 531 1151 622 supremis

230 653 413 722 sermonibus
442 671 513 715 cum
544 647 708 732 tradaret,
737 649 859 742 qpxinam
889 649 1014 738 adipisci
1036 651 1163 738 prinas·

230 792 302 862 pern
324 771 426 834 locum
456 763 607 831 suffeduri
635 766 822 847 abnuerent,
852 785 905 832 aut
933 766 1064 854 impares
1086 768 1153 833 vel-

230 889 317 966 lent,
339 886 389 950 vel
411 883 503 948 iidem
526 898 648 970 possent
677 901 903 972 cuperentque:
934 887 979 946 Μ.
1001 884 1154 968 Lepidum

230 1005 349 1070 dixerat
362 1016 520 1088 capacem,
542 998 598 1064 sed
608 1014 842 1086 aspernantem:
864 999 988 1064 Gallum
996 1001 1154 1079 Asinium,

229 1117 374 1198 avidum,
403 1133 438 1182 ar
467 1119 639 1180 minorem:
673 1121 714 1182 L.
743 1119 951 1194 Arruntium,
982 1134 1041 1182 non
1070 1116 1153 1180 iudiq

225 1257 340 1324 gnum,
363 1233 426 1311 dy,
447 1233 476 1294 si
498 1251 589 1294 curus
611 1229 761 1333 daretur,
783 1253 951 1298 ausurum.
975 1228 1027 1295 De·
1043 1231 1152 1317 priori-

229 1354 282 1415 bus
303 1344 511 1412 consentitur.
534 1340 597 1408 Pro
620 1340 774 1408 Arruntio
795 1344 918 1432 quidam
932 1345 995 1415 Cn,
1010 1343 1152 1412 Pisonem

229 1461 401 1527 tradidere:
424 1476 748 1550 omrresque„praeter
771 1455 944 1547 Lepidum,
968 1461 1058 1524 variis
1080 1485 1152 1528 mox

229 1576 425 1656 criminibus,
461 1590 601 1638 struente
640 1571 788 1654 Tiberio,
823 1575 1025 1640 circumventi
1060 1595 1152 1644 sunt.

200 1729 202 1734 v
229 1693 334 1759 Etiam
357 1691 407 1781 Q
426 1689 599 1771 Haterius,
629 1689 664 1758 δε
686 1689 868 1756 Mamercus
889 1689 1034 1770 Scaurus,
1057 1691 1154 1782 suspi-
1214 1727 1215 1744 i

228 1831 332 1876 cacom
354 1808 487 1873 animum
509 1810 734 1895 perstrinxere:
758 1805 909 1872 Haterius
923 1797 993 1870 cum
1007 1806 1152 1892 dixisset,

214 1931 397 2014 ‘Quousque
415 1925 569 2009 patieris,
592 1931 700 1991 Cesar
711 1972 721 2003 ,
743 1945 804 1990 uon
825 1923 930 1988 adesse
944 1938 1032 2012 caput
1048 1905 1152 2012 usipu-
1213 1967 1214 1970 κ

196 2121 202 2129 ,
230 2042 342 2109 blica?
364 2039 495 2105 Scaurus
516 2040 585 2130 quia
608 2041 747 2120 dixerat,
770 2055 854 2128 spem
876 2062 941 2106 esre
960 2062 995 2106 ex
1017 2061 1069 2122 eo,
1093 2063 1152 2108 non

229 2160 347 2224 inritas
371 2154 444 2238 fore
465 2150 594 2237 sanatas
614 2173 740 2242 preces,
771 2157 853 2240 quod
873 2155 1017 2224 relationi
1040 2177 1151 2224 consu-

157 2269 160 2278 '
187 2311 190 2315 ·
226 2273 294 2338 lum
317 2274 392 2354 jure
413 2265 587 2335 tribunicia:
613 2272 782 2354 potestatis
813 2291 873 2335 non
901 2274 1151 2340 intercessisset.

230 2386 268 2454 ln
292 2383 462 2450 Haterium
484 2386 588 2448 statim
604 2381 737 2448 invedlus
753 2399 816 2467 est3
840 2382 1006 2467 Scaurum,
1030 2389 1079 2452 oui
1093 2379 1152 2458 irn-
1212 2393 1213 2456 l

230 2500 404 2594 placabilius
433 2495 637 2578 irascebatur,
666 2497 790 2562 'silentio
820 2499 968 2566 tramisit:
999 2497 1153 2596 fessusque

229 2619 364 2686 elamore
387 2616 542 2696 omnium,
565 2613 809 2704 expostulatione
832 2615 1040 2706 singulorum,
1063 2618 1150 2686 llexit

230 2734 410 2827 paullatim,
436 2757 496 2798 non
519 2750 554 2798 ut
576 2729 747 2811 fateretur,
770 2718 908 2821 suscipio
924 2754 956 2798 se
968 2732 1149 2824 imperium,

229 2851 282 2914 sed
305 2866 339 2914 ut
362 2871 478 2939 negare
500 2846 535 2914 dt
558 2849 658 2938 rogari
688 2847 861 2914 desineret.
879 2846 1022 2915 ¹Constat
1045 2852 1148 2933 Hate-
1177 2907 1179 2916 Α

224 2961 336 3046 rium,
366 2984 438 3030 cum
467 2945 652 3053 depre'tandi
682 2985 770 3030 causa
801 2964 948 3053 palatium
976 2965 1147 3048 introisset,

227 3080 473 3169 ambulantisque
496 3077 738 3172 Tiberiigenua
760 3080 993 3163 advolveretur,
1010 3107 1147 3176 proper

228 3197 374 3263 militibus
396 3191 612 3277 intersediunr,
633 3191 859 3287 quiasTiberius
881 3219 968 3278 casu,
991 3220 1030 3263 an
1053 3201 1146 3309 manxi-

223 3313 282 3378 -bus
303 3315 368 3395 ejus
389 3311 574 3401 impeditus,
598 3313 789 3402 prociderat:
820 3335 919 3404 neque
942 3332 1046 3382 tamen
1069 3318 1146 3407 peri-

224 3421 298 3494 culo
319 3428 389 3496 talis
413 3428 470 3497 viri
500 3429 660 3523 mitigatus
689 3445 756 3512 est,
787 3427 884 3500 donec
908 3429 1060 3502 Haterius
1083 3430 1148 3502 Au-

1039 3569 1095 3638 gu·
