2538 3948
197 465 919 486 m

236 605 298 682 ΙΝ
334 603 583 676 LIBRUM
618 597 889 678 PRIMUM

192 787 641 854 mutuaturum
692 783 1018 851 ΗΜΛ--Ι

98 1009 146 1087 (ι)
163 1005 312 1064 Diiiatmae
328 1003 366 1063 ad
386 1018 484 1082 tempus
507 1001 685 1062 sumebantur.
711 997 737 1060 si
760 1009 862 1076 quando
887 1001 1023 1059 necessitas

141 1084 283 1143 incidisset,
300 1081 427 1133 dibiatores
445 1078 606 1143 creabantur,
630 1097 738 1148 quorum
758 1093 864 1148 potestas
881 1079 980 1141 brevis,
998 1087 1024 1131 et

142 1158 210 1211 lntra
224 1153 339 1208 semestre
355 1150 463 1218 spatium
482 1150 631 1213 finiebatur,
1023 1179 1026 1184 ·

104 1227 148 1302 (ι)
167 1224 248 1281 Ultra
264 1221 410 1278 biennium.
430 1224 459 1276 Id
476 1225 511 1277 sie
528 1225 629 1292 accipe,
647 1227 719 1294 quasi
732 1227 815 1288 dicat,
831 1225 900 1278 haud
913 1222 1024 1276 multum

143 1303 208 1352 intra
225 1299 373 1352 biennium.
397 1301 464 1350 Nam
482 1296 554 1349 tertio
570 1296 674 1350 demum
692 1315 761 1352 auno
778 1297 923 1352 decemviris
946 1297 1027 1362 impes

142 1374 209 1426 rium
226 1370 372 1438 abrogatum
389 1382 442 1422 est.
462 1368 525 1422 vide
542 1370 603 1424 Liv.
624 1389 651 1432 3,
672 1385 714 1432 54.

105 1444 150 1519 (ς)
169 1439 221 1498 Sed
234 1442 327 1496 veteris
340 1437 426 1514 papuli
432 1441 561 1513 Romani.
581 1445 621 1494 lta
637 1445 765 1496 Mediceus
782 1443 861 1496 codex
872 1442 960 1501 litteris
971 1455 1027 1494 onia

145 1516 237 1576 nibus,
255 1515 322 1584 quod
339 1530 371 1565 ex
389 1529 420 1564 eo
436 1513 551 1580 exscripti
568 1513 663 1572 codices
681 1533 722 1582 per
737 1516 830 1568 litteras
847 1533 873 1582 p.
890 1533 910 1566 r.
927 1527 1027 1582 express

141 1601 244 1644 serunt:
264 1587 331 1638 unde
348 1586 482 1638 Vetranius
498 1585 627 1656 signorum
651 1588 853 1655 transpositione
865 1587 961 1656 legebat
978 1581 1026 1641 iris

141 1655 200 1732 pub.
219 1658 265 1712 Sed
281 1658 368 1712 eadem
386 1655 466 1710 forma
485 1659 591 1710 Tacitus
607 1662 678 1712 Ann.
700 1679 743 1719 rr,
762 1677 807 1719 24.
832 1665 898 1712 Non
989 1675 1028 1711 rra
1097 1660 1100 1666 '

129 1787 131 1794 ,
172 1749 221 1792 ns,
237 1723 283 1784 red
295 1728 373 1800 priori
388 1727 474 1800 populo
484 1725 667 1796 fablitatum.
685 1731 748 1782 vrcle
766 1734 836 1782 Ann.
857 1749 884 1789 4,
904 1747 947 1790 ³2·

107 1787 139 1877 (4
170 1807 377 1855 Deterrermur.
395 1805 493 1864 Nempe
506 1815 522 1849 a
535 1797 655 1850 scribendi
665 1801 765 1861 studio,
783 1799 901 1853 scribendi
915 1801 1028 1854 studium

147 1873 297 1937 abjicerent.
316 1867 426 1932 Quidam
443 1867 502 1920 editi
521 1871 586 1922 male
601 1865 786 1925 damnentur.

106 1944 153 2019 (ς)
171 1940 261 1999 Nulla
272 1937 334 2013 jam
349 1935 450 2013 publica
466 1958 555 1994 arma.
574 1941 644 1994 Nulli
664 1945 717 2004 jam
735 1943 873 2002 exercitus,
897 1945 942 2009 qui
959 1940 1030 1994 sena-
1094 1991 1097 1996 .

148 2031 192 2072 tus
209 2016 345 2084 populique
363 2013 466 2081 imperio
482 2023 638 2082 regerentur,
660 2021 685 2066 dt
709 2012 813 2080 publicae
837 2013 953 2066 libertatis
970 2029 1031 2066 caua

147 2105 202 2145 sam
220 2087 395 2140 defenderent.
987 2123 989 2126 .

111 2161 156 2239 (6)
173 2169 310 2232 Brutoque
331 2153 444 2232 Lepido·
470 2157 601 2226 Dignitate
624 2164 649 2210 dr
666 2159 778 2224 potentia
801 2159 950 2213 triumvirali
964 2110 1034 2225 ‘oi

150 2235 225 2288 liato.
309 2287 313 2292 .

110 2305 157 2382 (7)
174 2300 327 2360 Tribunicio
342 2301 407 2376 jure
429 2313 592 2358 contentum.
623 2305 713 2368 Quum
736 2306 806 2358 enim
831 2306 944 2358 maxima
968 2317 1033 2358 esset

151 2379 307 2431 tribunorum
321 2378 406 2442 plebis
422 2376 571 2436 seueritas,
597 2377 664 2445 iique
688 2375 833 2430 sacrosanlii
855 2391 955 2440 essent,
979 2383 1032 2428 Λιι-

149 2465 241 2521 gustus
259 2457 283 2503 ez
299 2449 342 2502 alii
360 2450 477 2517 deinceps
495 2451 617 2516 principes
639 2449 812 2511 tribunorum,
838 2463 866 2502 ut
885 2459 909 2502 ur
927 2451 1033 2502 aliorum

152 2524 343 2591 magistratuum
362 2535 510 2590 potestatem
527 2529 551 2576 ἀ
569 2525 624 2586 jura
640 2521 687 2574 sibi
699 2521 879 2580 vindicarunt,
894 2525 975 2588 qu'um
988 2537 1036 2570 nos

154 2594 266 2646 minibus
282 2593 448 2648 abstinerent.

133 2672 145 2718 8
178 2663 462 2724 Amnumfrumento
478 2669 600 2734 gratuite.

115 2669 147 2814 ἕρ
180 2735 328 2798 Gemiuatr's
344 2735 534 2794 comulatibm.
559 2741 639 2808 Atqui
662 2749 699 2792 ter
722 2731 811 2792 consui
835 2733 885 2787 fuit
909 2737 1017 2805 Agrippa
1024 2748 1035 2792 ἱ

155 2811 198 2864 sed
217 2808 338 2870 nimirum
353 2810 416 2862 duos
433 2812 579 2864 consulatus
597 2812 711 2878 Agrippa
737 2809 878 2876 posteriores
902 2807 1035 2876 intelligit,

158 2882 307 2946 conjunuos
324 2890 348 2934 ot
366 2883 538 2940 continentem
556 2883 600 2948 qui
617 2881 715 2944 honos,
740 2894 902 2950 preterquam
920 2880 1038 2948 principis

153 2956 204 3009 bus
219 2971 273 3008 raro
289 2954 408 3022 cuiquam
425 2953 547 3006 tributus.

122 3026 182 3104 (ro)
197 3025 367 3100 laqueariis
384 3021 545 3080 mutieribus.
562 3027 707 3082 Eo'scilicet
719 3031 802 3087 more,
816 3043 868 3096 quo
881 3027 956 3079 duces
969 3037 1037 3078 exera
1112 3051 1115 3070 ι

158 3101 275 3162 cituum,
292 3116 317 3150 re
334 3097 434 3152 feliciter
451 3113 538 3167 gesta,
559 3099 748 3167 appellabantur
765 3100 935 3166 imperatores:
960 3113 1038 3167 quem

159 3172 263 3224 titulum
281 3188 296 3223 a
315 3170 433 3223 militibus
458 3171 547 3232 tribui,
570 3189 585 3224 a
602 3174 691 3240 senatu
714 3170 854 3226 confirmati
871 3172 973 3225 solitum
991 3169 1039 3220 du·
1116 3209 1119 3218 .

160 3243 247 3305 cibus,
265 3243 384 3310 principes
400 3242 447 3296 sibi
464 3255 550 3311 postea
564 3243 655 3298 servari
673 3246 826 3306 voluerunt,
842 3259 974 3311 tamquam
991 3239 1040 3294 sub

161 3331 247 3367 eorum
265 3316 381 3382 auspiciis
397 3315 469 3368 ceteri
487 3315 562 3369 duces
577 3333 629 3370 rem
646 3331 770 3386 gererent.
790 3316 852 3369 vide
870 3319 939 3366 Ann.
950 3333 976 3376 3,
994 3329 1039 3374 74.

126 3383 189 3460 (rr)
207 3385 315 3440 Genitos
333 3386 461 3462 Agrippa,
486 3397 511 3442 er
528 3389 613 3460 Julia,
637 3391 746 3460 Augusti
771 3388 840 3448 filia,
862 3385 893 3443 in
903 3383 1041 3457 firmiliani

162 3451 317 3522 induxerat,
334 3477 425 3529 nempe
443 3478 484 3530 per
500 3461 677 3533 adoptionem.
