2432 3940
143 243 876 334 AN.U.C.DCCLXVIILAER.CHR.15.
961 279 998 334 ῃ

81 407 213 489 entique
234 402 379 485 mallens,
408 422 501 488 quem
530 402 688 484 dominos,
718 403 762 478 le·
789 401 922 470 crumas
945 422 1002 468 nn·

86 542 164 602 uas,
192 521 367 586 Arminium
386 521 493 606 potius
509 517 624 606 gloriae
646 539 683 583 ac
704 517 877 601 libertatis,
909 537 1004 604 quem

86 644 239 722 segestrae
257 633 424 723 flagitiosae
446 635 612 699 seruitutis
634 633 737 700 ducem
758 651 973 720 sequerentur.
997 693 1000 702 .

142 748 217 818 LX.
240 749 371 816 Conciti
394 771 450 838 per
473 745 538 813 haec
561 769 623 812 non
646 749 737 814 modo
759 747 928 830 Cherusci,
950 747 1002 816 sed

84 867 290 932 conterminae
312 882 440 956 gentes:
464 861 634 950 trallusque
656 863 697 928 in·
713 879 816 952 partes
829 863 1004 956 lnguiome·

80 1003 154 1062 rus,
178 977 314 1050 Arminii
337 997 481 1070 patruus,
505 979 604 1044 veteri
625 978 706 1068 apud
729 977 887 1044 Romanos
906 977 1007 1046 aulie-

83 1098 181 1163 ritate
208 1104 318 1182 (reem
341 1093 423 1160 unde
444 1095 540 1175 major
553 1093 673 1162 Caesari
695 1093 813 1161 metus:
834 1093 869 1160 ἃ
882 1116 926 1160 ne
942 1093 1007 1162 bel-

81 1212 153 1284 lum
179 1209 262 1276 mole
283 1233 342 1276 una
365 1209 542 1300 ingrueret,
564 1209 810 1280 Caecinamcum
824 1209 1009 1302 quadragin-

83 1344 122 1392 ta
146 1325 320 1391 cohortibus
332 1324 496 1406 Romanis,
518 1327 715 1394 distrahendo
734 1327 832 1409 hosti,
855 1347 915 1416 per
929 1325 1009 1392 Bru·

82 1441 185 1506 eleros
212 1441 250 1505 ad
278 1439 393 1508 flumen
416 1437 566 1508 Amisiam
594 1443 710 1512 mittit:
741 1444 878 1534 equitem
899 1439 1007 1524 Pedo,

81 1553 263 1648 prafellus,
292 1555 398 1624 finibus
420 1555 586 1626 Frisiorum
615 1561 718 1628 ducit:
747 1559 813 1652 ipse
843 1557 1005 1648 impositas

83 1671 207 1740 navibus
227 1691 357 1764 quatuor
378 1672 516 1764 legiones
539 1697 596 1766 per
617 1676 698 1743 lacus
719 1675 823 1744 veriet
853 1674 1006 1761 simulque

82 1789 199 1879 pedes,
220 1810 331 1878 eques,
353 1789 473 1872 classis,
487 1791 569 1879 apud
585 1789 764 1880 praedilium
778 1795 1007 1876 amnem(167)

82 1921 275 1970 convenere.
307 1902 447 1984 Chauci,
476 1927 548 1970 cum
570 1905 682 1970 auxilia
706 1905 948 1992 pollicerentur,
978 1900 1010 1966 in

82 2019 302 2086 commilitium
332 2017 440 2084 adsciti
471 2032 559 2081 suet.
590 2015 752 2082 Bructeros
781 2037 832 2082 sun
862 2031 987 2080 urentes
999 2058 1010 2096 ,

82 2135 233 2222 expedita
255 2154 328 2198 cum
349 2152 441 2196 manu
461 2128 503 2196 L.
524 2127 708 2212 Stertinius,
729 2131 820 2199 missu
842 2129 1009 2196 Germani-

81 2249 136 2329 ci,
157 2243 255 2328 sudit,
280 2248 422 2336 interque
443 2245 559 2312 caedem
591 2244 625 2314 lt
646 2248 781 2338 praedam
810 2247 929 2339 reperit
950 2269 1008 2312 un·

83 2363 279 2430 devicesimat
302 2361 432 2454 legionis
459 2363 615 2451 aquilam,
646 2385 716 2431 cum
741 2365 828 2434 Varo
850 2365 1008 2430 amissam.

10 2519 11 2524 κ
83 2477 221 2546 Dulium
244 2478 314 2544 inde
336 2501 448 2570 agmen
463 2479 500 2544 ad
517 2479 641 2546 ultimos
653 2477 888 2547 Brulierorum:
911 2499 1008 2566 quen·

84 2611 217 2682 tumque
239 2589 388 2660 Amisiam
410 2593 445 2661 ἃ
467 2592 621 2686 Luppiam
643 2617 747 2662 amnes
776 2595 880 2674 inter,
909 2609 1009 2659 vasta-

85 2727 157 2783 tum
164 2731 175 2794 3
206 2705 285 2772 haud
314 2711 420 2796 procul
443 2706 707 2802 Teutoburgiensi
736 2711 816 2776 saltu
837 2714 948 2796 (168),
977 2709 1007 2774 in
1061 2787 1064 2792 Ι

82 2849 150 2915 quo
172 2821 314 2914 ''reliquiae
337 2822 416 2892 Vari
437 2803 655 2916 legionumque
686 2823 847 2916 insepultae
868 2823 1007 2892 diceban·

87 2957 157 3011 tur.

145 3051 238 3123 LXI.
261 3051 363 3148 Igitur
392 3055 502 3146 cupido
524 3057 683 3126 Caesarem
712 3057 843 3141 invadit,
871 3053 1010 3126 solvendi

88 3189 228 3262 suprema
251 3173 417 3256 militibus,
439 3175 586 3266 ducique;
616 3193 756 3265 permoto
776 3178 813 3242 ad
838 3169 1009 3240 misererier

89 3309 163 3352 nem
184 3289 284 3372 omni,
314 3288 367 3380 qui
395 3290 522 3374 aderat,
552 3292 709 3376 exercitu,
738 3293 777 3357 ob
801 3288 1008 3378 ¹propinquos,

90 3402 224 3487 amicos,
246 3405 376 3498 denique
397 3407 436 3474 ob
457 3430 541 3476 casus
563 3409 711 3482 bellorum
734 3405 769 3473 ὅ(
783 3421 897 3468 sortem
913 3400 1010 3467 nomi*

644 3517 719 3601 Ds
