2446 3942
204 303 919 401 nu.u.c.nccnxv11.AEu.cHn.1⁴.
977 341 1017 396 η

94 443 230 549 ηποίὶή
251 464 381 526 exitium
403 457 539 526 militum
561 453 651 528 haber
680 475 772 548 etque
800 479 912 528 armet
930 471 1020 550 (7¹)-

95 577 273 666 Responde,
295 575 416 657 Blaese,
447 574 498 641 ubi
521 573 654 640 cadauer
676 573 849 659 abiecerit?
878 586 952 666 (72)
984 601 1021 646 ne

92 695 202 762 hostes
222 691 345 778 quidem
359 689 555 782 sepulturam
577 689 717 756 invident
739 699 770 778 (7
777 700 825 776 3);
847 715 915 759 cum
930 717 1019 762 oscu-

94 811 157 893 lis,
186 821 255 874 tum
277 809 430 892 lacrymis
461 803 598 872 dolorem
626 785 726 870 {neum
754 807 944 898 implevero,
971 833 1020 879 me

96 947 216 1013 quoque
239 923 394 1017 trucr‘deri
412 921 507 1007 jube,
536 909 608 986 dum
637 919 816 1007 interfedos
847 921 964 990 nullum
985 925 1021 991 ob

94 1043 217 1122 scelus,
248 1040 305 1107 sed
332 1043 408 1124 quia
429 1034 561 1104 uellitote'
589 1035 743 1124 legionum
772 1037 1021 1122 consulebmue,

93 1157 126 1224 hi
150 1155 322 1244 sepeliant.

154 1269 286 1338 XXIII.
308 1268 491 1336 Incendebat
515 1269 582 1350 lraec
603 1269 700 1351 fletu,
730 1268 767 1338 dc
796 1269 902 1360 pedus
930 1281 1022 1364 [etque

98 1410 134 1456 os
156 1387 291 1451 monibus
322 1385 496 1464 verberans:
526 1407 596 1468 rnox
626 1383 773 1467 disjeliis,
805 1403 934 1477 quorum
963 1407 1021 1478 per

96 1504 240 1568 humeros
263 1501 484 1584 sustinebatur,
506 1523 644 1592 praeceps
665 1499 910 1594 &singulorum
933 1503 1018 1592 pedi-

93 1621 147 1686 bus
175 1617 355 1704 aduolutus,
393 1633 513 1683 tanturn
550 1619 804 1704 eonsternationis
833 1617 1018 1710 invidiaeque

94 1735 251 1816 concivit,
272 1750 308 1802 ut
331 1755 401 1822 pars
422 1733 555 1800 militum
579 1734 782 1833 gladiatores,
810 1735 862 1824 qui
885 1755 904 1802 e
925 1731 1017 1800 servi-

97 1852 143 1916 tio
174 1851 266 1916 Blaesi
298 1865 406 1938 erunt,¹
445 1873 515 1938 pars
543 1867 679 1916 ceteram
708 1850 845 1929 ejusdem
874 1845 1020 1914 familiam

95 1967 273 2046 vincirent,
296 1965 348 2030 olii
369 1966 406 2030 ad
429 1965 630 2054 quaerendunn
652 1982 762 2048 eorpus
783 1961 1020 2028 effunderentur.

95 2078 203 2148 Aeni
235 2099 388 2170 propere,
420 2099 519 2168 neque
547 2095 657 2166 eorpus
685 2075 781 2154 ullum
810 2077 956 2165 reperiri,
987 2073 1021 2144 dc

95 2215 220 2274 servos,
244 2193 384 2259 adhibitis
397 2193 577 2260 cruciatibus
584 2243 595 2276 ,
616 2193 749 2258 abnuere
761 2191 897 2276 eadem,
920 2213 1020 2284 neque

94 2309 142 2376 illi
158 2307 257 2406 ¹fuisse
271 2327 413 2400 umquam
427 2305 574 2389 fratrem,
597 2305 802 2399 pernotuit-set
810 2359 821 2406 ,
844 2307 922 2376 haud
937 2309 1018 2375 mul-

94 2446 162 2492 tum
185 2426 222 2492 ab
242 2425 339 2492 exitio
359 2426 457 2517 legati
479 2429 621 2494 aberant.
652 2421 806 2492 Tribunos
827 2439 952 2508 tomen,
981 2447 1018 2506 oe

94 2539 273 2632 ptaefeliurn
294 2558 464 2608 castrorum
484 2559 662 2610 extrusere.
685 2539 822 2607 Sarcinae
834 2536 1017 2631 fugientium

96 2658 250 2746 direptae,
271 2654 306 2720 δε
327 2659 465 2726 centurio
486 2657 636 2726 Lucillius
657 2655 862 2738 interficitur,
890 2657 939 2741 oui
959 2659 1016 2722 rni-

96 2773 236 2840 litaribus
258 2765 375 2836 facetiis
398 2775 594 2855 vocabulum,
617 2773 694 2840 Cedo
716 2774 871 2852 alteram,
899 2755 1019 2855 Indidea

39 2879 47 2889 ’
95 2905 183 2956 rant:
206 2887 296 2979 quia,
327 2883 417 2954 stallo
440 2889 503 2954 vite
526 2898 597 2976 (7⁴)
620 2888 652 2951 in
674 2904 765 2980 tergo
788 2887 890 2954 militis
898 2864 1016 2974 ,Χώε-

95 2997 160 3072 rarrr
182 3006 381 3094 claravvoce,
404 3025 440 3069 oc
463 3025 563 3070 rursus
586 3004 675 3068 aliurn
698 3005 853 3094 poscebat.
883 2997 1017 3075 Ceteros

97 3122 222 3187 latebrae
255 3137 381 3201 texere,
412 3141 473 3186 uno
503 3135 627 3186 retento
648 3118 813 3202 Clemente
835 3121 934 3208 Iulio,
964 3119 1016 3208 qui

100 3234 286 3325 perferendis
308 3237 441 3304 rnilitum
463 3237 613 3304 mandatis
635 3235 797 3306 habebatur
813 3235 1017 3317 idoneus,·ob

99 3369 275 3441 promptum
297 3355 470 3445 ingenium.
500 3353 585 3444 Quin
606 3353 678 3443 ipsae
700 3356 784 3420 inter
807 3371 837 3413 se
862 3349 1016 3442 legiones,

98 3465 201 3534 ossava
215 3465 249 3536 dt
262 3469 495 3564 quintodecunro
503 3519 514 3555 ,
536 3467 650 3550 ferrum
673 3469 820 3556 parabant
830 3489 846 3528 ε·
859 3465 930 3530 dum
944 3488 1016 3532 cen·

659 3583 686 3646 B
711 3607 729 3653 4
