2446 3942
220 315 264 390 2'8'
438 307 750 386 ANNALIUM
779 309 877 378 LIB.
899 302 927 375 Ι.
1024 340 1026 348 ·

218 471 265 536 110
287 475 379 556 (³9),
411 467 449 530 aa
472 463 632 530 Tiberium
655 462 846 527 nemun.
875 439 1043 526 Certatuin
1072 457 1148 526 inde
1182 457 1188 566 q

214 585 395 664 sententiis,
418 603 489 648 cum
510 579 563 646 alii
585 579 788 665 opperiendos
810 577 948 664 legatos,
977 593 1071 664 atque
1092 581 1145 642 in·
1188 580 1189 638 l

216 704 311 766 terim
346 702 488 766 comitate
513 693 764 784 permulcendum
791 692 924 760 militem
960 709 1143 759 censerent:

214 817 265 880 alii
288 813 481 900 fortioribus
503 811 647 878 remediis
677 811 843 900 agendum:
880 806 961 877 nibil
987 815 1020 875 in
1049 809 1142 896 vulgo
1190 796 1192 844 l

214 932 384 1004 modicum:
414 948 557 1008 terrere,
585 931 617 992 ni
644 943 800 1016 paveant:
829 925 880 993 ubi
897 929 1142 1015 pertimuerint,
1191 927 1194 1004 l

214 1052 337 1135 impune
358 1049 528 1116 contemni:
551 1042 622 1108 dum
636 1041 826 1130 superstitio
847 1061 975 1130 urgeat,
994 1040 1142 1124 deiicien-
1193 1009 1196 1146 l

212 1164 268 1230 dos
289 1185 325 1229 ex
349 1163 420 1229 duee
442 1180 541 1226 metus
564 1165 656 1244 (90),
670 1157 808 1244 sublatis
821 1157 988 1244 seditionis
1000 1156 1142 1225 audieri-
1195 1156 1197 1224 l

211 1277 285 1346 bus.
308 1277 491 1366 Promptum
513 1273 551 1338 ad
575 1273 727 1360 asperiora
748 1272 906 1360 ingenium
928 1273 1033 1342 Druso
1054 1287 1138 1338 erat:

211 1409 333 1458 vocatos
372 1389 560 1459 Vibulenum
582 1367 844 1452 &Percennium
875 1390 1007 1455 interfici
1036 1391 1137 1472 jubet,
1199 1444 1201 1510 l

210 1502 354 1569 Tradunt
378 1504 538 1594 plerique,
567 1503 652 1568 intra
674 1502 904 1569 tabernaculum
933 1504 1018 1572 ducis
1046 1507 1139 1608 olqru-
1201 1515 1203 1636 q

209 1625 353 1706 tos(91):
378 1621 449 1700 alii,
471 1611 602 1707 corpora
624 1635 712 1685 extra
728 1619 841 1684 vallum
855 1619 968 1700 abjeila
981 1621 1139 1688 ostentui.
1202 1637 1204 1722 ‘q

269 1733 380 1804 XXX.
413 1733 520 1818 Tum,
557 1753 592 1802 ut
622 1738 748 1826 quisque
777 1735 948 1826 praecipuus
970 1735 1139 1816 'turbator,
1202 1732 1205 1805 l

206 1852 387 1943 conquisiti:
412 1851 447 1919 &
470 1873 560 1942 pars,
583 1867 672 1918 extra
693 1869 792 1918 castra
815 1853 972 1941 palantes,
994 1866 1137 1918 acentu-
1203 1821 1207 1912 l

206 1968 360 2050 tionibus,
384 1986 439 2034 aut
461 1965 679 2058 praetoriarum
701 1967 874 2035 cohortium
886 1970 1032 2036 militibus
1045 1968 1135 2034 caesi:
1207 1946 1208 1978 ¹

207 2085 356 2175 quosdam
379 2085 436 2171 ipsi
459 2083 627 2171 manipuli,
650 2087 867 2151 documentum
891 2085 978 2168 fidei,
998 2083 1134 2150 tradide-

206 2219 257 2262 re.
280 2193 423 2262 Auxerat
446 2197 582 2261 militum
605 2216 693 2263 curas
714 2219 900 2286 praematura
930 2203 1045 2283 hiems,
1075 2202 1135 2264 im-

206 2312 304 2377 bribus
325 2311 497 2391 continuis,
521 2310 657 2400 adeoque
679 2312 783 2394 saeris,
807 2331 842 2380 ut
864 2339 924 2380 non
939 2317 1048 2406 egredi
1061 2333 1132 2380 ten.-

205 2426 305 2508 toria,
334 2427 517 2517 congregati
547 2427 630 2492 inter
660 2451 712 2512 se,
742 2430 791 2493 vix
823 2429 918 2493 tutari
948 2430 1034 2520 signa
1057 2441 1133 2516 (92.)

203 2558 345 2632 possent,
367 2561 438 2634 quae
460 2541 581 2608 turbine
601 2538 697 2634 'atque
718 2545 796 2610 unda
827 2545 1042 2632 raptabantur:
1073 2547 1132 2611 du-
1157 2543 1160 2553 '

145 2705 148 2710 -
203 2659 288 2724 rabat
310 2656 345 2726 δε
366 2655 501 2726 formido
521 2657 652 2724 caelestis
681 2661 756 2740 irae,
786 2681 839 2725 nec
862 2661 994 2746 frustra
1015 2661 1127 2728 adver-

202 2796 259 2838 sus
287 2779 401 2863 impios
430 2775 587 2843 hebescere
621 2777 744 2857 sidera,
782 2797 875 2842 ruere
910 2762 1128 2866 tempestates:

201 2909 262 2954 non
275 2889 372 2957 -aliud
391 2894 547 2970 malorum
569 2891 794 2974 levanzentum,
824 2915 917 2978 quam
947 2897 977 2958 ‘st
1007 2896 1129 2980 linque-

201 3021 273 3070 rent
294 3023 402 3072 castra
423 3008 562 3094 infimum
583 3026 813 3096 temerataque,
844 3007 888 3083 det
901 3005 999 3094 soluti
1018 3015 1126 3096 piacu-

200 3119 344 3205 lo(93),
374 3126 443 3188 suis
473 3128 606 3208 quinque
633 3125 774 3192 hibernis
806 3124 1026 3190 redderentur.
1055 3119 1124 3188 Pti-

200 3254 283 3300 mum
296 3235 399 3304 odlara
408 3285 419 3318 ,
440 3237 511 3303 dein
525 3239 758 3327 quintadecuma
773 3239 875 3329 legio,
897 3237 1041 3333 rediere.¹
1058 3235 1127 3303 No-

200 3369 294 3412 nanus
323 3356 527 3441 opperiendas
557 3352 675 3421 Tiberii
704 3353 854 3443 epistolas
892 3353 1120 3420 clamitaverat:

199 3482 267 3528 mox
298 3464 450 3538 desolatus
472 3477 545 3560 (94)
574 3464 704 3538 aliorum
731 3469 929 3552 discessione,
959 3469 1121 3537 imminen-
