2432 3940
169 305 902 394 AN.U.C.DCCLXVIII.AER.CHR.15.
965 341 1004 394 ⁴9

99 437 103 442 '
143 459 235 534 LVI.
256 463 359 558 igitur
370 462 575 530 Germanicus
587 477 718 550 quatuor
738 464 893 557 legiones,
916 467 1006 558 quin-

83 565 146 670 qbe
158 581 349 648 auxiliarium
364 581 476 660 millia,
500 576 759 646 &tumultuarias
773 599 911 650 catervas
917 581 1004 650 Ger-

81 719 262 780 manorum,
283 699 327 764 cis
349 695 499 763 Rhenum
521 693 709 778 colentium,
730 695 866 764 Caecinae
890 701 1000 768 tradit:

79 813 215 880 totidem
236 813 393 908 legiones,
415 811 570 901 duplicem
592 801 744 876 sociorum'
765 835 925 879 numerum
937 817 1001 904 ipse

79 929 184 996 ducit:
208 931 370 1020 positoque
393 927 520 996 castello
542 948 634 1016 super
646 928 774 1018 vestigia
785 930 909 1020 paterni
922 951 1002 1020 pref

78 1046 145 1111 sidii
168 1047 201 1111 in
225 1063 333 1112 monte
355 1043 468 1112 Tauno
489 1051 601 1134 (156),
630 1032 808 1134 expeditum
831 1047 1000 1114 exercitum

75 1161 109 1226 in
132 1161 251 1228 Cattos
272 1161 352 1252 rapit
359 1188 369 1249 3
391 1159 431 1228 L.
455 1156 596 1250 Apronio
617 1163 655 1226 ad
677 1162 862 1228 munitiones
884 1165 1000 1230 viarum

75 1274 114 1341 dc
139 1275 302 1344 fluminum
323 1278 440 1343 reliiio.
470 1275 565 1359 Nam,
596 1301 699 1342 rarum
723 1279 767 1342 illi
788 1279 884 1361 caelo,
913 1278 999 1345 sicei-

76 1407 165 1484 tate,
194 1389 382 1460 &amnibus
403 1393 528 1460 modicis
555 1393 735 1460 inoffensum
765 1395 827 1462 iter
848 1417 996 1486 propera*

74 1522 163 1571 verat
170 1531 181 1593 3
216 1507 385 1598 imbresque
413 1508 448 1576 dt
476 1510 636 1577 fluminum
663 1511 767 1578 antius
802 1512 993 1604 regredienti

70 1623 268 1692 metuebatur
291 1635 404 1714 (157)·
428 1625 490 1693 Sed
512 1625 616 1695 Cattis
637 1627 715 1695 adeo
737 1627 917 1718 improvisus
938 1629 992 1694 ad-

72 1737 157 1802 venit
169 1789 180 1820 ,
201 1760 237 1807 ut
258 1743 340 1831 quod
370 1743 554 1810 imbecillum
583 1761 677 1809 aetate
705 1767 740 1809 ac
768 1765 858 1826 sexu,
887 1745 992 1812 statim

6 1853 7 1862 ’
69 1871 214 1943 captum,
238 1875 293 1924 aut
306 1861 494 1926 trucidatum
510 1863 565 1924 sit.
589 1858 738 1943 Iuventus
758 1859 874 1924 flumen
890 1857 993 1924 Adra-

70 1992 141 2036 nam
166 1981 261 2060 (158)
286 1977 385 2040 nando
408 1976 602 2052 tramiserat,
625 1971 844 2059 Romanosque
866 1988 994 2060 pontem

66 2103 248 2176 coeptantes
269 2089 428 2153 arcebant:
451 2088 524 2154 dein
544 2087 710 2152 tormentis
722 2087 903 2178 sagittisque
924 2087 993 2178 pul·

66 2202 116 2282 si,
138 2202 269 2268 tentatis
289 2199 401 2269 frustra
423 2203 644 2268 conditionibus
664 2201 762 2292 pacis,
785 2225 854 2268 cum
868 2203 990 2292 quidam

63 2316 103 2382 ad
124 2315 350 2384 Germanicum
372 2316 595 2412 perfugissent,
616 2318 744 2408 reliqui,
767 2319 881 2384 omissis
901 2321 989 2412 pagis

64 2433 218 2523 vicisque,
240 2436 271 2501 in
286 2436 372 2502 silvas
385 2437 622 2528 disperguntur.
643 2434 751 2502 Caesar
764 2436 888 2501 incenso
896 2437 987 2502 Mat·

64 2549 110 2612 tio
135 2558 230 2636 (159)
253 2551 305 2638 (id
328 2554 416 2644 genti
438 2560 552 2643 caput)
575 2569 682 2643 aperta
707 2550 889 2642 populatus,
917 2571 987 2618 ver-

62 2665 107 2727 tit
130 2663 170 2728 ad
193 2663 352 2732 Rhenum:
383 2693 444 2734 non
472 2691 545 2736 auso
574 2669 663 2735 hoste
692 2685 781 2759 terga
810 2666 1011 2734 abeuntium.

54 2779 233 2863 lacessere,
266 2783 346 2872 quod
375 2783 418 2846 illi
448 2786 563 2865 moris,
601 2785 744 2872 quotiens
775 2799 843 2848 astu
870 2783 984 2875 magis,

63 2917 153 2986 quam
175 2920 233 2988 per
255 2895 451 2965 formidinem
480 2901 587 2965 cessit.
616 2899 732 2964 Fuerat
761 2899 876 2964 animus
896 2898 982 2968 Che·
1042 2959 1046 2968 ,

63 3014 156 3078 ruscis
178 3016 285 3096 juvare
306 3014 439 3098 CattoS,
467 3015 519 3080 sed
542 3013 696 3080 exterruit
717 3001 841 3082 Caecina
863 3016 922 3083 huc
945 3017 982 3080 il,

63 3126 110 3192 luc
130 3126 232 3196 ferens
252 3146 352 3198 arma:
376 3130 411 3198 dc
435 3129 578 3214 Marsos,
600 3131 746 3225 congredi
768 3155 871 3214 ausos,
895 3149 982 3219 pros-

61 3265 138 3332 pero
159 3248 269 3334 proelio
291 3249 440 3316 cohibuit.

121 3357 228 3429 LVII.
252 3364 361 3455 Neque
390 3365 489 3434 multo
519 3383 587 3457 post
616 3367 712 3461 legati
735 3391 752 3432 a
775 3365 906 3451 Segeste
929 3381 981 3427 ve·

65 3492 193 3558 nerunt,
215 3481 501 3552 auxiliumotantes
522 3484 664 3551 adversus
688 3481 750 3547 vim
773 3473 983 3565 popularium,

138 3599 171 3659 C.
179 3601 251 3662 Tac.
259 3601 295 3661 T.
303 3603 331 3662 Ι.
654 3596 690 3662 D
