2474 3944
192 277 253 334 ,η
394 239 700 314 susurrum
729 241 824 312 mn.
849 205 913 316 vr.
1012 312 1014 316 ,

188 401 322 466 ultorem
343 411 453 488 parat,
481 394 595 484 datque
617 391 804 460 Parthorum
825 393 955 484 copias,
985 388 1119 471 mittit,

187 516 241 606 qui
261 513 371 580 auxilia
392 508 536 578 mercede
557 505 716 578 lacerent.
761 506 901 590 Contra,
925 506 1118 576 Pharasma-

186 651 241 696 nes
260 629 429 722 adjungere
450 621 606 708 Albanos,
629 625 733 694 accire
745 625 900 694 Sarmatas
914 630 1009 712 (73),
1030 645 1118 714 quof

185 767 256 812 rum
271 742 458 834 sceptuchi,
481 743 635 833 utrimque
650 741 738 808 donis
751 733 903 832 acceptis,
927 761 1013 806 more
1028 760 1118 830 gen-

186 862 272 946 tico,
292 861 411 928 diuersa
433 859 576 926 induere.
620 857 679 926 Sed
703 855 806 940 Iberi,
835 855 972 924 locorum
993 871 1116 944 poten·

186 993 256 1060 tes,
279 975 391 1066 Caspia
413 975 461 1042 via
483 973 655 1042 Sarmatam
679 975 711 1040 in
734 971 899 1040 Armenios
919 972 1032 1061 raptim
1059 965 1117 1036 ef-

186 1087 338 1159 fundunt.
377 1091 426 1158 At
448 1091 500 1180 qui
520 1089 644 1158 Parthis
672 1089 878 1160 adventabant
897 1095 988 1176 (74),
1014 1083 1114 1152 facile

187 1209 397 1290 arcebantur,
438 1230 506 1274 cum
534 1207 610 1274 alios
638 1207 769 1274 incessus
796 1206 890 1272 hostis
919 1203 1075 1270 clausisset
1102 1225 1115 1286 ;

187 1347 281 1392 untun
303 1324 472 1411 reliquum,
493 1343 577 1387 mare
599 1324 684 1388 inter
696 1321 731 1388 dt
743 1339 896 1388 extremos
917 1316 1117 1386 Albanorum

187 1455 326 1518 montes,
356 1453 445 1502 aestas
472 1435 662 1523 impediret:
698 1435 769 1522 qnia
791 1435 912 1501 flatibus
934 1435 1118 1500 Etesiarum

186 1551 355 1641 implentur
377 1547 451 1617 vada
463 1573 474 1635 3
503 1548 644 1614 hibernos
665 1548 783 1614 Auster
812 1547 948 1614 revolvit
978 1549 1117 1628 liutius,

186 1665 335 1758 pulsoque
356 1665 504 1732 introrsus
526 1661 626 1762 fqeto,
649 1664 752 1731 brevia
765 1665 890 1730 litorum
901 1665 1076 1732 nudantur.

252 1776 415 1850 XXXIV.
444 1777 576 1846 Interim
599 1778 749 1862 Oroden,
784 1780 933 1846 sociorum
961 1780 1114 1868 inopem,

187 1893 290 1964 auum
318 1895 429 1964 auxilio
452 1891 668 1962 Pharasmanes
690 1917 801 1964 uocare
829 1895 866 1962 ad
889 1915 1043 1986 pugnam,
1074 1891 1114 1960 dc

188 2009 415 2080 demetientem
438 2010 607 2094 incessere,
628 2009 806 2100 adequitare
827 2011 952 2092 castris,
975 2007 1110 2075 infensa-

188 2149 225 2196 re
246 2127 372 2216 pabuln3
399 2147 436 2192 ac
457 2147 558 2215 saepe,
580 2127 612 2192 in
633 2125 757 2194 modum
778 2127 900 2208 obsidii,
929 2125 1120 2193 stationibus.

188 2240 332 2332 cingebat
355 2245 448 2328 (isle
470 2240 569 2306 donec
590 2239 721 2324 Parthi,
748 2243 1003 2310 contumeliarum
1025 2244 1111 2306 inso-

188 2355 308 2436 lentes,
331 2349 591 2424 circumsisterent
613 2369 743 2448 regern,
764 2373 925 2448 poscerent
938 2349 1107 2444 proelium.

189 2467 299 2560 Atque
321 2467 381 2537 illls
402 2467 464 2536 sola
486 2471 519 2537 in
543 2472 647 2562 equite
669 2473 713 2536 vis
720 2497 731 2558 ;
761 2466 978 2538 Pharasmanes
1001 2470 1036 2538 dt
1051 2493 1107 2560 pe·

189 2587 255 2654 dite
276 2586 411 2652 valebat.
434 2586 513 2656 Nam
535 2579 617 2654 iberi
632 2581 825 2678 Albanique,
847 2579 995 2654 saltuosos
1020 2587 1106 2664 locos

189 2701 386 2785 incolentes,
415 2701 537 2770 duritia
558 2703 779 2793 patientiaque
801 2705 898 2794 magis
921 2703 1106 2770 insuevere.

187 2815 370 2906 Feruntque
399 2840 431 2884 se
454 2816 605 2886 Thessalis
625 2836 734 2900 ortos,
764 2838 824 2906 qua
845 2833 1021 2908 tempestate
1043 2821 1106 2908 Ja-

189 2952 261 3010 ron,
279 2947 350 3018 pust
370 2934 509 3000 avertam
530 2935 694 3016 Modern,
718 2939 891 3022 genitosque
917 2957 953 3000 ex
972 2958 1009 3000 ea
1030 2935 1106 3001 llbe-

188 3068 266 3127 ros,
302 3048 424 3110 inanem
447 3071 525 3133 'mox
554 3054 669 3136 regiam
691 3049 813 3131 AEetae‚
841 3071 1009 3135 vacuosque
1035 3049 1106 3114 Col-

187 3159 258 3228 chos
279 3164 437 3248 reperivit.
460 3161 629 3251 Multaque
650 3165 690 3230 de
711 3167 835 3232 nomine
857 3169 945 3246 ejus,
976 3161 1011 3230 dc
1034 3185 1106 3228 ora-

187 3275 290 3340 culum
312 3274 427 3356 Phryxi
451 3275 608 3343 celebrant
629 3288 716 3366 (76):
745 3302 802 3346 nec
823 3281 980 3368 quisquam
1003 3280 1108 3348 ariete.

188 3386 421 3476 sacrificaverit,
457 3385 603 3476 credito,
635 3396 750 3462 vexisse
771 3393 952 3474 Pbryrtuu:
983 3395 1046 3466 sive
1073 3394 1103 3467 id

577 3707 580 3712 .
668 3671 680 3716 Ι
