2538 3948
288 321 594 397 ANNALIUM
625 325 802 398 NOTAE.
944 344 1002 407 3⁶5

125 466 207 518 filiam
226 463 302 518 eidem
321 466 412 520 Neroni
432 466 528 533 pallam
547 466 669 536 legimus,
687 469 730 520 sed
747 469 814 522 hane
834 480 878 521 out
897 479 1003 534 nuptam

127 538 306 604 deduliamque
323 555 373 590 non
392 537 485 599 luisse,
501 552 547 592 aut
565 541 618 592 litto
636 555 782 608 proneptem
802 540 926 610 intellige.

84 607 160 685 (70)
178 606 267 664 Ultro.
287 615 349 662 Hoec
367 609 456 662 vocula
480 624 553 664 meat
569 613 696 679 quidpiam
722 611 753 664 ab
770 611 852 677 aliquo
871 611 923 663 lieri
941 628 1003 664 con-

125 693 168 734 tra
183 697 260 747 quem
277 693 391 746 oporteat
411 713 419 742 ‚
443 695 488 733 aut
513 685 670 750 exspelletur
687 683 718 738 ab
735 699 787 736 eo.
814 682 899 736 Codex
925 683 1000 736 habet

124 749 217 815 ultra,
235 751 336 818 supple,
353 769 432 824 quam
449 753 613 808 saliretur:
631 755 702 822 idque
719 756 843 823 expressit
861 759 1002 808 Ernestus.

82 819 156 895 (7¹)
174 824 359 879 Censorio
373 835 516 899 potestate·
534 829 572 880 Sic
591 841 664 881 vocat
681 827 867 881 niumvlratnm
881 843 999 894 recogno-

122 895 220 948 scendis
238 896 347 964 equitum
366 897 456 950 turmis
469 898 500 950 ab
508 902 620 969 Augusto
637 901 798 962 institutum,
816 901 846 952 de
863 903 1005 968 quosueto-

123 965 184 1020 nius
202 969 228 1020 in
247 968 354 1022 Odltvio
373 985 415 1027 ³7·

83 1039 159 1113 (7²)
180 1045 278 1103 Luxu,
296 1056 339 1108 pro
351 1039 440 1109 luxui,
452 1043 631 1116 mopiain
650 1045 685 1097 ita
703 1043 790 1098 luxum
809 1045 875 1096 inter
893 1052 917 1097 dr
934 1043 1003 1096 anti·

122 1127 200 1180 quarn
217 1113 392 1178 parcimoniam
413 1115 508 1168 medius
525 1129 607 1181 esset,
626 1129 654 1168 ut
671 1131 756 1170 tamen
775 1116 802 1167 in
821 1117 929 1169 alterum
950 1133 1004 1167 ma·

123 1184 164 1251 gis
181 1186 376 1252 propenderet.-

79 1252 148 1330 (73)
167 1257 337 1331 Marsipum.
362 1260 493 1327 Mancipes
517 1259 559 1313 hic
582 1259 721 1323 dicuntur,
746 1264 788 1331 qui
815 1261 869 1314 vias
895 1257 1004 1329 publicas

123 1327 269 1381 reficiendas
286 1343 397 1398 quaestus
416 1333 455 1384 sul
472 1347 549 1386 causa
566 1335 738 1387 redemerant.

80 1399 152 1468 (74)
172 1405 280 1454 Hasta.
299 1401 399 1456 Publica
417 1405 539 1456 bonorum
559 1405 693 1469 auctione,
711 1409 786 1469 cujus
804 1407 904 1475 signum
913 1405 1002 1458 hasta.

78 1472 147 1542 (75)
166 1472 240 1526 Aria
258 1484 323 1526 rorte
348 1471 552 1547 depellendum.
578 1479 663 1530 Asiam
689 1487 713 1532 er
731 1478 843 1532 Africani
867 1479 1003 1544 quotannis

121 1544 174 1594 duo
197 1561 210 1594 e
234 1545 402 1598 consulatibus
427 1547 594 1600 vetustissimi
619 1542 806 1602 sortiebantur:
833 1565 890 1602 cum
914 1561 1001 1603 autem

121 1613 152 1664 de
171 1615 255 1670 Africa
271 1619 365 1670 ‚Casani
383 1619 585 1684 permitteretur,
602 1619 712 1672 restabat
731 1623 792 1675 Asia
810 1621 880 1682 sola,
898 1638 952 1686 qnae
971 1619 1002 1673 nd

120 1687 238 1740 Manium
261 1689 402 1754 Lepidum,
427 1690 516 1757 quippe
542 1692 740 1746 vetustissimum
764 1710 778 1743 e
804 1692 1001 1756 consularibus,

119 1758 199 1810 etiam
216 1759 270 1810 sine
288 1760 345 1811 sorti
401 1779 435 1820 e,
450 1761 603 1824 pertinebat.

80 1827 146 1899 (76)
165 1827 339 1904 geradrogint
373 1827 522 1902 stipendia.
541 1833 603 1884 Vide
621 1836 723 1894 Ant-r,
740 1844 783 1891 64.

80 1899 151 1975 (77)
171 1915 242 1975 ,Qua
258 1913 367 1974 pacem.
399 1903 463 1974 Qae
488 1903 555 1968 pacis
579 1905 710 1956 commoda
734 1904 797 1958 luru
823 1917 1000 1971 corrumpant,

121 1991 158 2024 res
176 1989 236 2026 vero
252 1971 348 2026 bellicas
367 1987 436 2024 metu
454 1974 620 2040 praepediant.

81 2043 152 2118 (78)
171 2042 343 2100 Praerrdr'rre.
362 2043 506 2098 Plancinam
524 2049 629 2116 tangit,
647 2048 676 2100 de
694 2065 742 2114 qua
762 2051 867 2110 Ann.a‚
889 2054 995 2108 55.Def

116 2135 211 2180 curru,
229 2133 272 2182 pto
289 2117 416 2170 dettrmui:
436 2116 504 2184 quod
522 2135 583 2171 sane
602 2118 735 2188 frequens:
761 2121 828 2171 unde
847 2134 919 2172 notat
939 2126 996 2186 Ry-

119 2190 192 2248 okius
211 2191 312 2242 tertium
330 2205 415 2242 casum
432 2189 459 2240 in
478 2188 589 2252 ,eiusdem
607 2191 708 2260 generis
726 2191 869 2247 nominibus
894 2193 920 2244 in
938 2211 957 2248 u
975 2201 1000 2246 dr

111 2278 150 2315 ur
166 2275 309 2314 terminari.
616 2285 620 2294 ·

83 2331 146 2404 (79)
166 2313 350 2388 Multa...'in
367 2330 512 2388 melius...
525 2345 649 2388 mutata.
668 2335 754 2389 codex
771 2337 867 2389 omittit
885 2337 1000 2405 proposi-

87 2407 90 2414 '
120 2407 216 2458 tionem
236 2405 283 2466 in,
301 2422 376 2474 quam
394 2423 451 2458 cum
470 2411 574 2460 Ernesto
591 2406 775 2472 restituimus,
798 2418 821 2461 et
846 2425 921 2474 quam
939 2408 1000 2464 solet

118 2477 207 2532 addere
232 2476 360 2542 Tacitis,
383 2491 412 2530 ut
437 2478 504 2540 infra
532 2494 573 2548 54.
597 2478 710 2534 Diuites
733 2481 816 2536 satias
847 2482 878 2535 in
902 2478 999 2538 melius

117 2561 221 2604 mutat.

82 2621 143 2694 (80)
161 2625 259 2674 Cetera
271 2621 430 2694 promiscua.
450 2628 512 2676 Huc
531 2625 596 2677 refer
612 2625 643 2678 ad
658 2626 769 2680 Caecinae
788 2623 862 2678 rerba
885 2622 998 2680 duorum

124 2711 236 2766 egressus
254 2690 317 2758 coli,
334 2693 386 2750 duo
402 2713 457 2750 esse
469 2697 603 2770 pistoria.

83 2765 143 2838 (81)
163 2769 208 2818 M.
226 2764 373 2838 Lepidum.
400 2769 535 2834 Melius,
561 2769 604 2822 hic
621 2777 646 2822 or
664 2769 717 2822 aliis
735 2769 795 2823 lotis
811 2769 896 2823 scribit
921 2772 998 2822 Maro

119 2855 179 2892 cum
187 2836 334 2911 Lepidum,
347 2839 429 2906 aitque
443 2841 507 2892 hanc
519 2857 573 2894 esse
588 2842 742 2908 primitivam
758 2841 905 2907 teutonem,
918 2857 997 2908 quarn

118 2910 221 2977 Lipsius
247 2922 359 2962 mutarat
382 2911 510 2966 scribendo
534 2913 686 2968 Manium.
712 2920 809 2982 Nempe
833 2915 883 2966 duo
908 2912 998 2980 Lepidi

117 2983 144 3033 in
170 2982 271 3035 historia
286 2982 378 3034 Tiberii
402 2985 575 3050 reperiuntur:
595 2984 663 3038 hunc
680 3002 752 3052 quem
770 2990 900 3056 Augustus
918 2984 996 3052 impe-

117 3055 148 3105 rii
164 3069 279 3120 capacem
304 3055 400 3108 dixerat
418 3059 486 3108 Ano.
497 3075 522 3120 r,
548 3075 588 3118 ¹3·
606 3061 730 3118 Marcum
747 3059 831 3112 vorari
849 3058 920 3112 docet
939 3063 996 3112 Rue
1014 3070 1018 3076 ’

89 3191 92 3194 ¹
117 3139 214 3193 pertus.
239 3133 309 3182 Mors
332 3129 386 3190 ejus
410 3128 515 3181 traditur
539 3133 607 3180 Ann.
625 3140 651 3192 ⁶,
675 3146 719 3188 27.
745 3129 816 3182 Alter
840 3129 996 3199 praenomine

117 3199 243 3258 Manius.
257 3216 366 3253 sororem
387 3199 515 3254 AErnrliant
541 3202 661 3267 Lepidam
679 3201 801 3256 defendit.
816 3207 885 3255 Aoo.
902 3219 929 3261 3,
949 3216 994 3260 22,

117 3269 182 3322 Asiae
201 3271 328 3335 proconsul
353 3271 441 3324 eodem
465 3272 525 3327 libro
548 3291 591 3334 32,
610 3283 633 3327 or
655 3279 726 3328 Ann.
744 3285 823 3342 4‚56.
842 3287 994 3339 quarumnam

117 3341 146 3392 de
153 3340 218 3393 Asiae
236 3346 378 3410 proconsule
396 3344 495 3399 dubitat
509 3350 628 3399 Ernestus
642 3359 726 3400 utrum
744 3348 779 3398 sit
796 3345 859 3400 idem
874 3361 930 3397 cum
939 3349 994 3396 Ma-

118 3413 182 3544 2³⁰².
210 3431 243 3468 an
274 3418 363 3470 tertios
386 3416 476 3486 aliquis
500 3419 632 3490 Lepidus,
662 3419 702 3472 cui
727 3433 870 3489 prenomen
894 3421 994 3478 Marcus

131 3499 210 3544 uerit,
542 3513 546 3520 ·
716 3513 719 3520 ·
