2474 3944
221 273 282 340 aas
421 253 732 330 ANNALIUM
759 259 857 332 LlB.
880 263 945 336 IV.

220 411 273 479 sed
297 406 396 476 Tarsa
421 425 585 499 properum
615 410 740 497 finem,
768 411 989 503 abrumpendas
1016 418 1144 502 pariter

219 544 285 616 spes
306 549 341 594 nc
367 541 464 594 metus
485 527 665 613 clamitans,
693 531 779 596 dedit
800 531 995 620 exemplum,
1025 529 1144 598 demis*

219 665 251 710 so
272 642 305 708 in
328 643 430 734 pedus
449 639 551 710 ferro:
581 668 641 712 nec
660 643 786 714 defuere
802 691 816 728 ,·
839 647 892 736 qui
915 647 1025 714 eodem
1046 648 1143 712 modo

218 776 422 850 oppeterent.
445 755 573 826 Turesis
595 783 647 830 sua
665 785 736 830 cum
759 785 850 830 manu
873 761 991 829 nollem
1013 763 1158 853 oppetis

220 891 294 958 tur,
317 876 394 944 baud
417 877 519 942 nescio
539 878 618 944 duee
640 898 765 946 nostro.
802 878 905 970 Igitur
923 876 1053 945 firmata
1077 895 1143 944 sta·

160 991 176 1028 ²
220 992 320 1058 tiones
349 991 536 1061 densioribus
559 994 674 1087 globis:
706 993 741 1062 dc
763 995 921 1092 ingruebat
941 1017 999 1060 nox
1027 994 1145 1059 nimbo

220 1125 329 1191 atrox,
352 1107 506 1200 hostisque
527 1112 664 1178 clamore
685 1111 826 1193 turbido,
848 1111 938 1178 modo
954 1131 1007 1200 per
1015 1126 1143 1176 vastum

165 1221 192 1279 «ί
220 1223 394 1307 silentium,
416 1226 550 1292 incertos
571 1227 738 1294 obsessores
760 1226 925 1295 effecerat:
955 1248 1024 1292 curn
1046 1223 1143 1292 Sabi·

220 1363 278 1404 nus
298 1341 479 1419 circumire,
501 1341 634 1418 hortari,
655 1363 692 1405 ne
705 1343 749 1405 ad
759 1341 904 1426 ambigua
924 1346 1061 1422 sonitus,
1086 1354 1144 1404 aut

218 1453 437 1518 simulationem
460 1455 584 1536 quietis,
605 1473 709 1518 casum
729 1454 943 1520 insidiantibus
962 1463 1144 1542 aperirent,

217 1565 271 1630 red
294 1587 351 1629 sna
372 1568 501 1650 quisque
523 1569 626 1632 munia
652 1582 811 1632 servarent
832 1570 954 1634 innon·
964 1615 976 1647 ,
1004 1572 1146 1656 telisque

216 1699 275 1748 non
295 1682 327 1746 in
342 1677 458 1767 riuum
474 1680 584 1766 juliis.

275 1793 332 1862 Ll.
357 1795 481 1863 Interea
504 1797 618 1864 barbari
642 1798 772 1867 catervis
793 1798 1014 1881 decurrentes,
1051 1820 1147 1876 nunc,

219 1913 251 1980 in
274 1912 388 1984 vallum
411 1914 561 1982 manualia
582 1936 672 1996 saxa,
708 1932 855 2008 praeustas
885 1917 999 1997 sudes,
1035 1914 1143 1980 decisa

121 2089 124 2098 .
220 2029 330 2096 robora
351 2031 477 2111 jacere:
503 2053 584 2098 nunc
608 2031 769 2122 virgultis,
789 2029 824 2098 ἀ
846 2032 995 2114 cratibus,
1009 2027 1052 2096 n&
1065 2051 1139 2095 cor-

219 2143 342 2232 poribus
364 2145 530 2226 exanimis,
552 2147 711 2234 complere
733 2144 841 2215 fossas:
863 2149 1003 2238 quidam,
1026 2161 1138 2236 pontes

217 2254 253 2324 dc
275 2255 369 2322 scalas
389 2274 463 2322 ante
484 2254 644 2342 fabricati,
666 2257 783 2326 inferre
804 2263 1061 2354 propugnaculis,
1084 2283 1136 2326 ea-

217 2391 280 2460 que
292 2391 455 2460 prensare,
477 2373 661 2455 detrahere,
682 2371 717 2442 dc
732 2377 875 2442 adversus
887 2379 1065 2442 resistentes
1081 2399 1137 2441 co-

218 2486 318 2554 mium
341 2485 416 2552 niti.
451 2485 549 2554 Miles
569 2507 678 2556 contra
701 2491 863 2556 deturbare
884 2491 981 2572 telis,
1012 2490 1137 2580 pellere

122 2575 129 2592 ⁸
218 2601 412 2685 umbonibus,
434 2604 563 2672 muralia
586 2605 650 2694 pila
672 2613 783 2694 (ιη),
813 2625 974 2697 congestas
998 2605 1132 2695 lapidum

217 2719 317 2788 moles
337 2719 536 2808 provolvere.
559 2720 623 2786 His
644 2739 743 2812 partas
767 2720 900 2789 vidioriae
920 2744 1006 2812 spes,
1031 2719 1085 2804 dc,
1108 2719 1130 2786 si

217 2835 349 2915 cedant,
374 2837 545 2928 insignitius
566 2837 734 2930 flagitium3
762 2838 823 2904 illis
845 2855 981 2906 extrema
1003 2841 1063 2920 jann
1085 2859 1130 2902 sa-

218 2947 283 3029 lus,
319 2945 558 3020 &adsistentes
586 2954 740 3044 plerisque
770 2971 882 3022 matres
910 2923 951 3022 δι’
967 2956 1127 3044 conjuges,
1215 3045 1217 3050 Δ

216 3081 382 3150 earumque
404 3065 541 3134 lamenta
561 3071 681 3136 addunt
696 3071 828 3138 animos.
850 3069 920 3138 Nox
943 3071 1010 3136 aliis
1030 3071 1063 3136 in
1075 3091 1125 3134 au-

214 3179 356 3261 daciam,
392 3179 460 3244 aliis
487 3183 526 3246 ad
554 3180 750 3251 formidinem
780 3203 981 3275 opportuna3
1020 3180 1125 3277 incerti

213 3291 305 3376 inum
343 3294 468 3362 vulnera
495 3297 683 3385 improvisa;
720 3322 846 3366 suorum
871 3317 966 3389 atque
996 3301 1123 3368 bostium

155 3443 156 3446 =
211 3402 365 3492 ignoratio
371 3435 384 3499 5
413 3409 448 3480 ἀ
469 3411 582 3480 montis
603 3411 737 3482 anfradlu
758 3436 972 3506 repercussae,
1002 3417 1122 3484 seluta
