2538 3948
256 255 317 326 ,ιι
517 243 570 311 m
600 239 890 312 rrssnUMv.

252 381 315 456 (ιο)
335 381 372 436 Vi
384 381 505 457 principis
521 377 641 454 imprimi
657 389 837 436 testarentur.
861 386 917 434 Post
930 381 990 435 iraec
1010 383 1087 440 verbs
1106 385 1172 438 inci.

287 457 322 523 pit
340 458 429 508 lacuna
447 455 593 522 deploranda
611 453 688 514 hujus
706 453 777 515 libri,
795 454 821 504 in
840 471 891 522 qua
908 456 1037 520 perierunt
1055 457 1113 510 asto
1130 458 1172 510 fe.

284 545 309 580 re
326 526 444 592 triennii,
468 529 501 580 ad
525 542 584 579 eum
609 543 735 588 annum,
760 543 812 594 quo
837 525 945 582 consules
963 525 1029 580 diere
1050 529 1173 582 Tiberius

285 601 407 668 quintum
426 609 450 652 ὰ
467 599 573 660 Seianus
586 597 618 650 ed
636 595 802 658 idusMaiase
821 597 919 650 suffeffi
936 599 1060 652 incorum
1080 602 1171 654 iocum

283 673 473 728 ertemarius
492 671 607 740 Regulus
632 679 656 722 ἀ
682 669 813 724 Fulcinius
839 671 913 724 Trio.
940 674 970 722 ln
993 670 1021 724 iis
1044 690 1102 740 quae
1128 691 1174 726 se-

285 757 400 815 quuntur
416 761 449 797 ex
467 744 579 796 oratione
597 741 739 811 cujuspiam
758 741 896 798 damnandi
920 741 952 796 ob
969 743 1103 808 Seianum,
1127 746 1171 797 ia-

285 835 366 872 cunas
382 835 414 870 ex
433 814 580 870 Beroaldina
602 814 712 868 editione
735 815 843 882 exprimi
867 817 1010 868 curavimus
1033 833 1090 868 cum
1108 823 1171 884 Ry-

284 889 358 942 ckio.

187 975 193 986 ·
249 959 315 1037 (ιι)
335 966 415 1036 Super
430 977 465 1016 ea
481 978 525 1014 re.
552 961 617 1025 Qua
637 965 724 1016 res'ea
747 958 825 1014 fuerit
850 977 947 1027 prorsus
971 959 1114 1029 ignoratur,
1139 978 1170 1016 ae

285 1051 318 1088 ne
338 1050 431 1088 nomen
450 1035 553 1104 quidem
572 1035 690 1090 novimus
708 1033 757 1087 viri
775 1033 938 1096 constantis,
963 1033 1008 1101 qui
1032 1047 1168 1088 acctuatus

287 1106 320 1158 ob
335 1106 474 1160 auticitiarn
493 1107 577 1169 Seiani
594 1107 704 1173 seipsum
723 1106 866 1160 voluntaria
886 1118 964 1158 morte
981 1104 1106 1159 absolvit.

191 1237 197 1244 Ι
247 1175 309 1250 (ιι)
329 1186 366 1232 Er
382 1175 428 1233 ille
445 1173 565 1250 quidem.
587 1183 644 1248 lpse
659 1179 792 1239 Tiberius,
808 1177 850 1242 qui
867 1193 942 1230 suum
962 1179 987 1228 in
1005 1179 1096 1245 quinto
1107 1193 1169 1232 con-

282 1252 366 1306 sulatu
385 1252 505 1320 coiiegam
524 1251 645 1312 Seianum
669 1269 713 1319 spe
732 1250 884 1304 matrimonii
909 1267 968 1302 cum
994 1250 1072 1304 Livia
1088 1245 1168 1304 Drusi

284 1324 379 1388 vidua,
396 1339 463 1385 aut,
489 1337 518 1376 ut
537 1325 641 1388 Ryckio
669 1325 772 1388 placet,
797 1339 857 1377 cum
880 1319 967 1391 aliqua
988 1339 1022 1378 ex
1048 1321 1169 1388 neptibus

282 1396 350 1457 suis,
369 1396 512 1448 Germanici
531 1395 628 1457 liberis,
646 1396 799 1448 ladiaverat.

246 1463 307 1534 (ιι)
326 1469 377 1520 Per
392 1481 538 1525 merorem,
555 1481 649 1532 qum.
668 1466 833 1532 Subinteilige
850 1482 884 1516 ex
902 1482 994 1532 sensu,
1012 1467 1112 1542 magis,
1124 1478 1169 1542 po·

278 1535 353 1593 tius,
371 1550 434 1600 quas
453 1550 526 1586 voces
546 1537 651 1586 Tacitus
668 1536 807 1604 nequenter
823 1538 970 1601 supprimit.

244 1603 309 1679 (ιι)
330 1603 474 1676 Retinens.
492 1607 541 1656 Fns
558 1605 650 1656 scilicet
665 1605 755 1669 quibus
771 1607 875 1662 animus
892 1621 946 1659 etat
961 1609 1081 1662 adsistere
1101 1611 1168 1678 ipsi:

278 1675 438 1740 dimittens,
455 1674 546 1744 quibus
564 1677 623 1728 satis
641 1690 694 1728 erat
712 1677 796 1743 ipsum
813 1678 916 1732 breviter
933 1680 1044 1748 alloqui.

265 1748 311 1818 ¹5)
330 1753 362 1803 irr
382 1744 512 1802 Blesum.
532 1746 614 1808 Seiani
633 1747 807 1808 avunculum,
825 1749 922 1814 dequo
940 1750 1166 1817 videAnn.3,72.

266 1821 314 1891 ιι)
335 1820 426 1876 Petito
441 1832 484 1895 prr
503 1817 604 1893 rprcirrrr
620 1818 768 1876 rrudiorum
785 1817 896 1896 scalpro.
921 1825 961 1876 §ic
979 1841 1054 1880 vocat
1072 1827 1167 1879 instru.

286 1908 416 1960 mentum,
432 1909 484 1959 quo
502 1891 604 1948 studiosi
624 1909 722 1960 pennas
739 1906 835 1946 acuunt
852 1907 897 1946 aut
914 1909 1018 1962 aptant.

247 1965 260 2040 (
270 1965 311 2038 ιγ)
330 1972 362 2021 in
379 1963 488 2038 reliquos
507 1961 601 2035 Seiani
619 1961 725 2019 liberor.
750 1965 829 2019 Filius
847 1981 937 2033 nempe
955 1982 1017 2022 natu
1035 1973 1167 2028 maximus

280 2055 338 2094 com
357 2051 425 2104 patre
442 2037 519 2091 simul
537 2036 807 2106 supplicio-adfecius.
830 2043 893 2092 Duo
916 2055 1055 2106 supererant
1074 2065 1081 2092 ι
1101 2061 1167 2106 nam

282 2115 387 2174 Seianus
405 2127 437 2162 ex
456 2110 560 2175 Apicnta
578 2125 654 2162 uxore
670 2125 717 2164 tres
734 2109 822 2164 liberos
838 2125 975 2178 genuerat.
991 2118 1060 2168 Ann.
1074 2135 1102 2180 4,
1118 2137 1146 2178 ς.

244 2181 302 2254 (ιθ)
321 2177 418 2235 Puella
434 2176 499 2234 adeo
515 2183 619 2236 nescia.
638 2187 671 2234 Et
685 2196 774 2234 tamen
793 2196 855 2236 ante
873 2185 990 2239 undecim
1008 2203 1088 2250 annus
1106 2189 1163 2242 des-

284 2267 389 2321 ponsata
407 2249 488 2306 fuerat
504 2254 607 2306 Claudii
625 2253 677 2306 filio
693 2261 793 2309 Druso.
813 2255 875 2308 Vide
892 2260 962 2311 Ann.
983 2278 1008 2322 3,
1027 2277 1070 2318 29-

246 2323 305 2398 (ιφ)
323 2321 505 2379 Triumvirali
523 2321 661 2398 supplicio.
687 2329 709 2378 Α
735 2327 883 2380 Triumviris
907 2346 989 2382 rerum
1014 2334 1162 2398 capitalium

278 2411 412 2466 apparato.
431 2395 501 2450 Infra
517 2408 701 2468 compressam,
720 2399 737 2451 i.
756 2417 779 2452 e.
798 2399 931 2464 vitiatam,
950 2415 979 2454 ut
991 2420 1089 2472 nempe
1107 2422 1162 2466 non

278 2475 329 2535 jam
348 2469 449 2530 infans,
465 2468 509 2521 sed
527 2467 616 2522 mulier
635 2471 774 2532 videretur,
792 2480 816 2524 dt
834 2470 907 2538 piena
924 2476 1015 2528 annis.

244 2542 357 2616 (20)1rr
375 2541 516 2598 ermenias
531 2536 655 2612 adjtdia.
673 2541 724 2598 sub
744 2543 860 2605 Tiberio,
878 2544 963 2612 inquit
979 2551 1114 2608 suetonius
1133 2552 1160 2610 in

279 2615 389 2670 Tib.⁶r.
408 2619 496 2668 Nemo
509 2613 664 2690 punitorum
681 2633 735 2668 non
753 2627 794 2668 est
813 2615 843 2670 in
860 2617 1004 2674 somnias
1021 2615 1161 2693 abjeddur,
1259 2653 1260 2668 ι

278 2703 391 2758 uncoque
408 2681 526 2742 rubrus·
543 2690 602 2742 Post
619 2687 674 2740 hac
693 2687 766 2740 verba
779 2689 897 2754 Ryckius
916 2692 986 2758 ponit
1000 2693 1159 2770 asteriscum,

278 2773 400 2830 putatque
419 2760 479 2818 hinc
497 2757 618 2818 excidisse
637 2759 747 2827 spicata
773 2760 928 2826 historiam,
952 2781 1028 2831 quarn
1054 2767 1159 2824 Tacitus

279 2833 365 2896 innuit
384 2837 454 2886 Ann.
474 2847 501 2894 4,
520 2848 545 2882 a·

241 2902 304 2978 (ιι)
321 2899 530 2974 Ρηιίοῖωηᾳιιο
545 2900 747 2960 cursitantibus.
766 2907 984 2971 conjundtionem
1002 2909 1065 2962 delet
1077 2914 1159 2962 Mure-

274 2989 332 3030 tus.
351 2975 528 3050 Instaqur'ppe
544 2975 658 3050 elapsum
673 2975 796 3034 custodia
814 2980 929 3040 dedimus
953 2999 985 3034 ex
1003 2983 1159 3042 emendatio-

275 3063 308 3102 ne
325 3047 426 3113 Lipsii,
445 3064 489 3115 pro
506 3043 608 3121 lapsum
624 3048 758 3106 custodia·
1069 3113 1071 3116 ,
1258 3085 1259 3108 1

238 3117 302 3192 (rt)
322 3115 454 3190 Arbajarn
471 3136 570 3192 quoque
587 3119 719 3178 curabat.
743 3128 784 3178 Ex
808 3124 927 3188 decretm
950 3144 1003 3194 quo
1014 3123 1158 3200 ‚Acbojam

274 3208 306 3244 ac
322 3187 521 3252 Macedoniarn,
537 3210 617 3248 onera
634 3192 810 3268 deprecantes,
828 3193 916 3252 levari
933 3198 963 3252 in
978 3211 1088 3272 praetem
1103 3215 1156 3276 pro·

271 3260 406 3316 consulari
421 3262 541 3337 imperio,
558 3262 678 3340 tradique
694 3268 795 3328 cerari
812 3271 957 3337 placuerat·
973 3271 1037 3332 vids
1049 3278 1119 3332 Anu.
1130 3293 1156 3346 ι,

273 3342 361 3394 7⁶2&
383 3338 424 3394 80.
959 3389 969 3420 ‚

1072 3498 1118 3547 IN
