2538 3948
321 301 628 378 ANNALIUM
658 301 837 376 NOTAE.
981 327 1039 385 349

127 445 190 521 (ιι)
207 455 239 504 ln
255 459 392 522 cenapum.
422 442 494 498 Infra
513 447 644 510 Bremam,
668 461 735 498 mare
759 459 862 508 versus,
885 457 919 496 ex
936 442 1038 511 Lipsio,

129 521 190 595 (45)
208 525 247 575 Ut
263 521 322 595 ripa
332 517 461 590 flaccinis
478 514 591 572 cedunt.
610 515 736 572 Emendat
749 515 934 571 Freinshemius
942 513 1039 586 flami·
1056 522 1059 531 “

129 645 133 652 ,
165 593 213 657 ni,
231 605 260 648 ut
277 606 368 647 sensus
385 589 436 652 sit,
460 603 534 657 prout
551 590 609 658 ripa
617 588 737 661 flumini
752 589 846 642 reum
862 604 962 642 cursum
978 605 1041 642 eva·

178 667 233 718 anti
249 665 360 722 cedunt.
851 703 854 710 ι

121 681 184 808 leeg)
202 741 277 792 Puta
294 732 386 800 bama,
410 734 428 786 i.
446 751 469 788 e.
487 735 555 788 nuda
577 734 656 789 bomo
680 743 705 788 te
728 734 783 788 sine
807 732 897 786 herba.
922 733 961 786 Sic
979 749 1040 800 pura

128 839 134 866 :
160 809 255 876 vestis,
273 808 299 858 in
317 821 366 874 qua
383 805 445 858 nihil
464 819 605 870 attextum5
625 823 715 875 purum
733 819 882 874 argentum,
899 805 926 857 in
940 820 989 872 quo
1002 807 1041 856 ni·

126 927 133 936 ,
158 879 194 938 hil
213 879 344 939 celatum,
364 894 425 946 pura
442 878 545 940 charta,
564 881 590 932 in
608 897 658 948 qua
676 877 739 931 nihil
756 879 891 946 scriptum
917 891 979 946 pura
995 874 1041 930 ba·

160 965 216 1017 sta,
233 952 260 1006 in
278 967 328 1019 qua
347 951 441 1004 fertum
459 949 573 1005 stillum.
592 951 723 1004 Aurelius.

122 1020 185 1095 (sc.)
204 1025 244 1078 Ut
260 1019 318 1078 aeda
334 1022 449 1097 agminis
466 1022 497 1076 ie
514 1023 599 1078 aciem
614 1022 772 1079 adsisteret.
797 1031 835 1078 Ut
852 1037 928 1076 omne
947 1035 1042 1090 agmen

158 1094 190 1154 sd
208 1098 255 1148 iter
272 1097 346 1148 simul
365 1103 388 1148 o
405 1094 437 1148 ad
455 1111 565 1163 pugnem
583 1097 732 1150 iosttudium
749 1094 908 1162 procederet.

120 1165 183 1242 (48)
201 1165 366 1224 Adveetlee.
390 1168 429 1218 Ad
452 1182 507 1220 sese
532 1165 647 1222 vertite.
672 1168 710 1223 Sic
734 1166 828 1220 Plinius
850 1167 931 1235 Ep'ut.
950 1185 978 1230 4,
995 1173 1043 1218 ιε.

158 1246 254 1294 Omnes
271 1240 345 1294 enim
361 1237 485 1295 advertit
502 1239 575 1310 qaod
586 1241 689 1295 eminet
705 1234 738 1298 (35
755 1249 861 1294 exstat.

120 1309 184 1383 bet)
202 1313 336 1384 limnas
352 1327 432 1372 aves.
451 1312 528 1379 signa
546 1312 612 1366 enim
631 1315 658 1366 in
676 1312 801 1366 Romanis
822 1309 962 1380 legionibus
979 1325 1044 1378 pra,

160 1385 250 1450 cipue,
269 1383 357 1452 aquila
375 1386 479 1436 summis
496 1383 574 1436 hastis·
591 1399 737 1449 exstantes,
762 1385 809 1437 alis
826 1385 960 1452 expausis,
978 1379 1041 1450 pede

126 1499 132 1517 ‚
157 1455 255 1512 fulmen
273 1467 404 1510 tenentes.
422 1463 481 1512 Has
497 1469 525 1510 ut
543 1457 650 1511 numina
666 1455 798 1519 venerari,
815 1456 881 1524 apud
899 1471 942 1509 eas
958 1456 1045 1520 iurare

159 1529 251 1586 milites
268 1527 396 1582 solebant.

119 1599 169 1674 (so
199 1597 252 1656 llla
269 1611 409 1674 captatae,
427 1603 498 1668 Lege
518 1599 558 1655 illa
577 1617 727 1670 erupturus,
745 1615 775 1653 ut
792 1605 893 1656 Murem
911 1600 1021 1668 placuit.

118 1677 164 1746 (ιι
198 1675 316 1728 Peccata
332 1669 449 1728 arbaces.
473 1677 610 1742 Postquam
634 1691 675 1728 eas
693 1675 806 1727 Romani
830 1673 954 1727 securibus
971 1671 1041 1726 exei-

157 1746 261 1796 derant.

119 1814 182 1886 (Ω)
190 1815 304 1886 ΨΜ
317 1811 350 1868 ab
361 1810 440 1872 bata.
457 1821 562 1871 Veteres
578 1815 644 1868 diem
656 1814 688 1868 ab
700 1817 761 1866 ottu'
768 1813 827 1866 solis
839 1816 870 1868 ad
882 1831 996 1869 occasum
1012 1816 1042 1882 its¹

157 1887 286 1940 duodecim
301 1883 371 1938 horas
382 1885 544 1953 dividebant,
556 1889 679 1956 longiores
693 1899 799 1946 astate,
812 1886 894 1938 bieme
907 1885 1039 1939 breviores.

120 1957 182 2031 (ςι)
199 1963 379 2032 lmpmetaeem
396 1955 548 2014 salutavit.
567 1963 641 2014 Tunc
658 1959 725 2010 enim
740 1957 816 2010 disces
828 1957 986 2009 exercituum
998 1970 1037 2008 to-

156 2031 234 2084 tidem
252 2029 329 2101 legati
348 2042 419 2082 erant
439 2030 611 2097 imperatoris,
626 2031 697 2092 cujus
709 2029 826 2096 auspiciis
840 2043 890 2080 rem
902 2026 1038 2095 gerebante

157 2101 200 2156 ubi
219 2104 333 2171 princeps
349 2117 401 2154 non
420 2101 521 2166 aderat,
543 2102 610 2171 apud
631 2103 684 2154 ima
704 2103 770 2154 inem
794 2097 966 2154 salutabatur.
991 2097 1043 2162 Pii,

156 2177 213 2232 nius
231 2176 386 2243 Panegyrico
413 2185 454 2233 56.
480 2179 548 2230 Non
572 2188 601 2230 te
623 2187 674 2300 yet
716 2172 861 2246 imagines,
885 2169 935 2226 red
955 2171 1039 2246 ipram

154 2259 308 2322 presentem
324 2243 531 2320 audientemque
548 2265 624 2302 conca
635 2242 753 2300 arabant
771 2245 965 2368 imperatorem.

119 2318 181 2394 (tt)
198 2323 312 2382 Mamm
334 2317 517 2374 succederent.
542 2320 750 2380 Adscenderent,
772 2333 802 2370 su
818 2319 898 2370 irent.
923 2321 1041 2388 Muretus

126 2445 129 2452 ,
157 2391 253 2460 legebat
278 2408 351 2446 mata
373 2389 552 2448 succederent:
576 2393 619 2444 sed
642 2389 709 2445 aliud
733 2401 772 2442 est
794 2387 927 2444 mecedem
950 2405 1038 2449 muto,

126 2503 132 2512 .
156 2463 223 2522 aliud
239 2461 373 2522 succedere
388 2480 508 2519 murum.
532 2467 600 2520 Prius
617 2463 650 2516 ad
667 2477 766 2516 murum
784 2463 893 2526 venire,
917 2461 1038 2529 posterius

158 2553 257 2588 murum
275 2537 404 2599 scandere,
420 2536 518 2590 subite.
538 2538 671 2604 Rycltius.

28 2644 36 2661 s
120 2605 182 2682 (st)
199 2604 362 2662 Libratcres.
381 2609 431 2672 Qu
450 2611 584 2664 tormentis
598 2609 687 2662 hastas
703 2619 748 2661 aut
771 2606 864 2675 lapides
886 2605 1039 2674 excutiunt,¹

157 2681 223 2748 quod
242 2679 332 2732 vinclis
349 2678 495 2746 quibusdam
513 2690 536 2736 ot
554 2681 709 2734 libramentis
727 2679 895 2734 efficiebam.
922 2682 953 2730 lo
971 2675 1036 2731 codi-

157 2769 185 2810 ee
203 2751 278 2812 troico
295 2751 408 2808 scribitur
422 2747 567 2818 libritmec,
586 2766 615 2804 ut
632 2749 739 2814 libelle,
756 2747 876 2816 illeille,
893 2746 1035 2826 libripenss

130 2873 133 2880 Α
157 2825 230 2893 idque
246 2824 337 2890 recepit
354 2827 409 2890 Jac.
429 2827 590 2882 Gronovius.

138 2909 167 2955 56
198 2892 355 2969 Colligeret,
373 2895 389 2947 i.
407 2913 431 2948 e.
450 2897 590 2963 reduceret,
607 2897 759 2951 retraheret.

137 2985 165 3028 57
198 2967 396 3022 Conscientiam
406 2964 496 3040 fallis
512 2969 580 3024 ratic
604 2987 672 3024 erte.
699 2975 740 3024 Ita
764 2968 841 3023 codex
859 2985 907 3023 ms.
925 2985 977 3022 non
987 2964 1039 3041 fa,

185 3041 218 3108 i,
236 3041 310 3109 idque
329 3039 438 3094 malebat
455 3044 614 3098 Gronovius.
628 3042 727 3096 rRebus
752 3043 827 3111 gestis
844 3039 956 3111 amplam
973 3055 1037 3100 mer-

126 3157 132 3162 .
154 3113 239 3166 cedem
257 3129 309 3171 esse
326 3113 506 3168 conscientiam
520 3115 647 3180 ipsarum.

119 3183 180 3256 (58)
197 3192 229 3246 ln
248 3187 379 3244 Austrum
394 3185 487 3254 cessit.
514 3188 642 3241 Concessit
667 3188 692 3239 in
716 3191 854 3252 Austrum,
878 3201 923 3238 seu
941 3187 1035 3234 Austro

156 3257 211 3322 rapi
229 3258 320 3324 coepit:
341 3259 384 3326 qui
402 3263 494 3310 Auster
512 3258 543 3312 ob
561 3272 690 3312 montosas
708 3261 853 3315 Germanice
871 3269 1034 3320 recemum,

158 3327 266 3382 validm
283 3323 349 3388 &ci

120 3397 180 3474 (tt)
199 3399 331 3470 Mittebat,
347 3415 442 3464 attur.
459 3403 551 3472 supple
567 3423 599 3464 ce·
616 3438 628 3470 ,
648 3406 734 3472 todem
753 3417 827 3458 seam
844 3415 896 3468 quo
912 3391 1034 3462 mlttalae

154 3484 201 3530 tut
216 3484 311 3528 ectus.
848 3509 872 3523 ..
927 3507 934 3516 ·
985 3507 989 3514 ·

126 3093 131 3100 e
