2446 3942
378 253 712 332 PR'AEFATIO.
925 277 1009 344 xxix

131 417 574 507 Matthiar‘Brarcreoenus,
597 417 804 512 Gentianus,
836 427 944 520 tnagis
967 431 1009 500 ad

84 545 289 633 utilitatem,
312 566 414 632 quam
438 547 480 614 ad
506 543 732 634 splendorem,
766 550 836 620 sine
859 551 929 622 ulla
955 572 1007 622 ta-

82 693 162 742 men
186 673 268 740 Mss.
293 668 451 742 librorum
483 693 571 758 ope,
604 669 718 740 Taciti
744 673 926 746 editionem
950 703 1006 750 ac-

79 816 281 866 curaverat.
320 797 372 866 Eo
403 795 592 883 defunto,
633 819 732 886 gener
765 803 835 880 eius
866 803 1007 890 loannes

43 930 46 934 ’
79 921 351 1013 Freinshemius,
384 925 437 991 vir
461 923 499 990 in
523 917 689 1007 republica
713 923 854 994 literaria
876 929 1008 996 notissi-

80 1070 179 1136 mus,
204 1071 280 1118 eam
304 1071 374 1116 non
399 1048 584 1133 perpetuis,
609 1045 667 1115 ned
693 1045 821 1118 seledls
845 1055 932 1122 notis
957 1053 1008 1123 lo-

78 1174 316 1260 cupletatam,
340 1176 375 1244 &
400 1194 418 1241 a
442 1171 629 1242 Melchiore
644 1171 894 1262 Freinshemio,
918 1197 1010 1250 corn.

80 1295 247 1372 munibus
269 1318 344 1364 cum
366 1297 465 1365 fratre
489 1296 622 1381 madiis,
656 1300 796 1384 copioso
820 1301 933 1369 indice
956 1303 1009 1370 ln·

81 1420 263 1510 stradam
294 1421 373 1504 juris
404 1420 526 1509 publici
560 1419 640 1516 fecit
666 1418 883 1514 Argentorati
916 1446 1007 1495 anno

78 1569 279 1616 nncxxxvnv.
461 1517 472 1532 ’

125 1673 266 1762 Ioannes
283 1671 475 1744 Fredericus
489 1675 708 1765 Gronovrus,
733 1663 1004 1762 Batavus,'Ber-

77 1801 315 1888 neggerianam
339 1801 546 1890 editionem,
572 1801 641 1870 levi
660 1825 719 1872 nra
736 1825 856 1890 opera,
882 1799 937 1870 sed
954 1801 1005 1868 ni-

78 1925 202 1994 tidiore
226 1925 362 2013 charta,
393 1925 656 2018 elegantioribus
690 1928 805 2011 typis,
839 1943 917 1988 curn
941 1921 1010 1986 suis

64 2051 329 2136 ,Variorumque
345 2051 486 2120 notis&
504 2047 703 2135 quibusdam
720 2041 924 2114 variantibus
940 2043 1007 2110 Ms.

77 2175 287 2245 oxoniensis
311 2169 526 2255 lellionibm,
559 2173 595 2236 in
620 2169 733 2256 operis
756 2169 846 2237 calce
868 2163 1006 2249 urbium

76 2299 160 2394 tiis,
212 2271 389 2388 Lugduni*
420 2293 623 2362 Batavorum
673 2291 866 2363 absolvebat
914 2316 1004 2364 anno

76 2444 253 2512 mucaxxn,
267 2443 347 2514 cum
371 2421 508 2489 vivendi
532 2420 636 2490 linem
661 2419 755 2487 fecit.
780 2419 908 2487 Eadem
932 2419 1003 2488 edl-

77 2551 129 2618 tio
154 2550 222 2636 pari
246 2549 353 2618 nitore
377 2548 499 2621 iterum
523 2543 645 2634 prodiit
671 2541 918 2616 Amstelodami
942 2567 1002 2613 an.

75 2696 127 2744 no
151 2697 325 2742 nncrxxxv.

123 2799 277 2890 Julianus
300 2798 439 2886 Prcnorv,
464 2802 603 2900 Gallus,
628 2799 669 2868 ad
693 2802 817 2882 majora
841 2813 999 2886 vocatus,

78 2927 137 2995 vix
162 2927 250 3012 paria
275 2925 445 3012 prestitit:
470 2923 561 2994 nulla
585 2923 733 2994 adhibita
749 2925 831 2992 Mss.
847 2923 1000 2992 codicum

79 3068 300 3138 veterumque
332 3048 493 3119 librorum
525 3049 725 3138 collatione,
758 3051 916 3142 grandem
948 3065 1000 3113 ta-

80 3197 175 3262 men,
212 3176 270 3246 sed
295 3169 458 3266 indigesta
482 3173 572 3245 mole
596 3174 785 3264 gravidam,
817 3173 1003 3244 editionem

80 3299 122 3368 ad
145 3321 244 3368 usum
269 3301 469 3370 Serenissimi
492 3299 655 3387 Delphini
678 3299 809 3369 Parisiis
831 3287 1013 3389 apparavit·

81 3445 364 3496 annonnerxxxrr.
376 3421 506 3500 Recusa
521 3441 570 3496 est
581 3425 840 3497 Veneriisanno
857 3435 1001 3482 nancevn.
