2432 3940
235 300 277 352 ⁴4
450 261 768 337 ANNALIUM
791 263 890 332 LIB.
915 259 940 331 l.

235 425 279 500 do
300 427 505 498 intentatum,
533 437 627 502 eoque
647 413 789 484 hostibus
820 419 994 480 incautum.
1025 411 1157 482 Detetla

233 539 375 630 longiore
396 536 463 616 via,
495 549 600 598 cetera
629 531 860 597 adcelerantur:
890 532 1010 597 etenim
1039 531 1158 596 attule-

234 672 303 720 rant
326 653 536 742 exploratores
549 648 667 734 festam
688 666 757 714 eam
777 651 944 714 Germanis
964 646 1103 727 nostem,
1127 665 1157 712 ao

235 768 433 838 sollemnibus
454 765 555 854 epulis
576 764 745 830 ludicram.
768 761 894 830 Caecina
916 786 985 830 cum
1006 761 1158 851 expeditis

235 884 408 952 cohortibus
430 866 562 970 praeire,
584 877 619 946 dt
642 880 793 946 obstantia
814 879 957 946 silvarum
972 878 1093 946 amoliri
1113 881 1157 958 ju-

236 1004 340 1066 betur:
366 999 505 1090 legiones
528 997 648 1062 modico
669 995 839 1063 intervallo
859 1013 1044 1087 sequuntur.
1076 992 1157 1078 Jurit

235 1141 296 1184 nox
318 1115 462 1180 sideribus
482 1112 634 1178 inlustris:
659 1129 850 1202 ventumque
871 1111 908 1178 od
934 1114 1014 1178 vicos
1036 1109 1157 1176 Marso

234 1256 305 1299 rum
329 1238 442 1314 (145),
465 1226 500 1292 dt
522 1211 721 1292 cilcumdatae
744 1227 909 1309 stationes,
940 1227 1044 1293 stratis
1066 1225 1158 1292 etiam

235 1362 303 1411 tum
326 1364 383 1432 per
405 1341 535 1420 cubilia,
557 1356 748 1428 propterque
771 1362 909 1423 mensas,
940 1343 1027 1408 nullo
1055 1358 1159 1420 metu,
1206 1413 1207 1436 ξ

236 1483 296 1526 nou
319 1455 502 1545 antepositis
524 1454 656 1546 vigiliis,
680 1454 757 1522 adeo
778 1453 884 1520 cunda
906 1456 1023 1522 incuria
1040 1455 1160 1538 disjecta

235 1590 340 1640 erant:
364 1593 464 1661 neque
486 1570 560 1638 belli
581 1573 694 1656 timor3
718 1595 755 1638 ac
777 1593 818 1635 ne
841 1593 900 1660 pax
917 1571 1143 1660 quidem(146)

235 1692 294 1756 nisi
316 1689 462 1780 languida
484 1685 520 1754 dt
542 1687 640 1753 soluta
662 1689 747 1753 inter
771 1687 977 1754 temulentos.

294 1803 351 1871 LI.
374 1804 482 1874 Caesar
504 1802 606 1870 avidas
628 1812 721 1891 (147)
744 1805 902 1896 legiones,
924 1825 986 1894 quo
999 1799 1092 1868 latior
1105 1825 1161 1892 po-

236 1921 354 2014 pulatio
385 1918 488 2001 foret,
517 1937 647 2010 quatuor
676 1918 708 1984 in
738 1942 851 1986 cuneos
881 1918 1041 2011 dispertit:
1071 1917 1161 2007 quin-

235 2039 384 2128 quaginta
407 2035 540 2102 millium
569 2037 703 2126 spatium
725 2033 808 2103 ferto
836 2037 1026 2126 flammisque
1054 2055 1160 2123 persa-

236 2168 316 2216 stat:
348 2172 409 2212 non
439 2169 546 2229 sexus,
585 2175 647 2214 non
677 2168 753 2215 aetas
782 2154 1011 2219 miserationem
1039 2151 1141 2216 attulit
1149 2173 1159 2233 ;

237 2261 363 2354 prolana
386 2261 475 2326 simul
498 2259 532 2327 dt
555 2284 658 2343 sacra,
690 2261 724 2328 dt
747 2265 981 2331 celeberrimum
1002 2265 1063 2330 illis
1080 2287 1158 2358 ‘gen-

236 2378 315 2446 tibus
338 2377 510 2464 templum,
532 2377 613 2467 quod
638 2376 785 2462 Tanfanae
810 2387 903 2467 (148)
920 2381 1089 2472 uocabant,
1111 2403 1157 2447 so·
1204 2373 1206 2428 l

235 2497 269 2562 lo
292 2508 470 2584 aequanttu.
493 2492 568 2560 Sine
583 2494 714 2560 vulnere
730 2493 863 2577 milites,
886 2496 940 2585 qui
954 2495 1159 2577 semisomnos,

234 2611 388 2694 inermos,
411 2628 464 2676 aut
486 2609 626 2700 palantes
648 2610 842 2677 ceciderant.
866 2610 992 2678 Excivit
1012 2633 1047 2678 eo
1061 2613 1157 2678 caedes

236 2726 416 2810 Brudleros,
434 2723 614 2810 Tubantes,
630 2721 802 2816 Usipetes3
817 2729 992 2822 saltusque,
1016 2749 1071 2818 per
1085 2751 1155 2820 quos

73 2834 78 2848 '
171 2911 174 2916 ,
236 2844 386 2908 exercitui
408 2865 583 2935 regressus,
612 2843 772 2910 insedere:
804 2845 885 2934 quod
914 2867 1043 2936 gnarum
1071 2846 1152 2912 duci:

236 2955 420 3047 incessitque
442 2960 549 3026 itineri
570 2958 605 3026 dt
627 2960 757 3050 proelio:
779 2983 847 3050 pars
868 2961 1027 3052 equitum,
1048 2959 1083 3028 δε
1103 2984 1151 3050 au-

236 3072 363 3137 uiliariae
392 3072 534 3142 cohortes
565 3075 734 3164 ducebant3
764 3098 836 3144 mox
864 3077 962 3167 prima
991 3075 1092 3166 legio,
1121 3075 1151 3142 dc
1203 3119 1204 3122 =

235 3188 343 3254 mediis
365 3188 612 3276 impedimentis,
634 3193 791 3260 sinistrum
813 3193 894 3258 latus
920 3191 1148 3260 unetvicesima-

235 3304 289 3385 ni‚
311 3305 456 3373 dextrum
478 3304 617 3393 quintani
639 3307 791 3374 clausere:
823 3309 965 3374 vicesima
987 3309 1068 3400 legio
1090 3327 1146 3376 ter·-

236 3438 276 3506 ga
299 3418 451 3506 firmavit,
472 3440 541 3516 post
565 3424 663 3491 ceteri
684 3423 849 3492 sociorum.
874 3422 934 3494 Sed
959 3425 1076 3510 hostes,
1095 3427 1146 3492 'dn-
