2446 3942
377 277 711 359 PRAEFATIO.
794 362 796 371 ,
889 291 1009 358 xxxvii
1036 291 1040 302 ⁴

86 473 160 522 eos·
175 449 411 520 describebant.
446 449 485 517 Id
518 443 764 534 quamplurimis
799 463 1004 533 compertum

86 576 263 664 exemplis.
290 573 536 666 Langobardica
561 589 672 642 antem
695 572 850 657 scriptura
867 573 1003 641 eviden-

85 718 133 770 ter
157 703 267 792 arguit
292 701 441 770 codicem
465 698 563 766 illum
581 694 700 764 Roma
714 717 783 766 non
806 695 905 766 fuisse
928 699 1003 766 scri-

85 843 183 912 ptum
207 848 295 894 anno
318 823 422 894 Urbis
445 824 590 913 conclitae
615 835 780 909 ncxrvnr,
806 823 880 910 lesu
905 821 1003 890 chri.

86 952 127 1018 sti
152 972 233 1038 395,
257 971 327 1036 quo
352 945 502 1016 Olibrius
525 950 560 1018 δι
585 941 745 1016 Probinus
769 946 918 1016 consules
933 945 1005 1014 fue-

85 1097 141 1161 re,
172 1094 283 1159 noque
307 1063 599 1157 Constantinopoli
632 1071 841 1161 recognitum
874 1070 1006 1138 biennio

83 1216 184 1285 post,
209 1213 289 1263 cum
311 1191 472 1264 Casarius
494 1199 528 1266 &
555 1194 693 1264 Atticus
724 1195 877 1266 eamdem
901 1195 1008 1284 digni·

88 1338 198 1390 tatem
221 1321 373 1389 inierant.
400 1317 448 1386 lbi
473 1339 606 1406 quoque
632 1321 703 1388 vidi
729 1322 813 1390 duos
838 1319 921 1388 alios
951 1339 1007 1384 co-

88 1447 196 1528 dices,
210 1443 277 1534 ,sed
300 1435 558 1533 recentissimos,
572 1479 577 1486 ·
592 1469 734 1534 quomm
748 1445 843 1514 alter
869 1442 910 1512 ab
942 1461 1005 1514 un'-

85 1570 219 1638 decimo
245 1568 427 1638 Annalium
452 1569 538 1640 libro
562 1573 603 1640 ad
628 1571 731 1640 finem
763 1568 837 1639 libri
868 1571 1005 1639 secundi

84 1695 336 1780 Historiarum,
362 1693 446 1764 alter
477 1696 610 1764 eosdem
636 1697 848 1782 Annalium,
878 1697 913 1767 &
939 1695 1005 1761 Hi-

85 1819 259 1894 storiarum
283 1801 382 1887 librbs
405 1823 552 1906 quinque
576 1823 823 1908 conpleuitur.
864 1881 866 1888 i

131 1941 293 2014 Vaticana
326 1940 552 2028 Bibliotheca,
591 1967 659 2010 non
691 1945 896 2028 antiquitate
920 1941 1008 2007 todia

85 2081 185 2152 curn,
210 2067 268 2135 sed
293 2085 433 2134 numero
458 2064 633 2148 pracellit.
656 2065 810 2156 Qratuor
834 2068 870 2134 in
894 2087 934 2134 ea
959 2087 1007 2133 re-

84 2191 158 2274 peri
184 2189 266 2256 Mss.
292 2187 420 2254 codices
443 2191 588 2256 numeris
614 2195 713 2279 1863,
742 2197 840 2276 1864,
870 2197 954 2276 1958
972 2195 1007 2261 δε

83 2317 155 2397 ²96
159 2333 175 2394 5
198 2327 345 2380 notatos.
371 2312 436 2380 sex
451 2316 644 2398 posteriores
661 2313 866 2403 Annalium,
886 2322 921 2388 δι
939 2317 1007 2382 Hi-

85 2437 260 2507 storiarum
295 2437 441 2523 quinque
473 2435 572 2510 libros
605 2437 726 2508 babent
757 2439 897 2529 singuli.
931 2439 1008 2504 Hos

84 2562 171 2634 inter
195 2563 361 2644 antiquior
386 2563 519 2630 ridetur
543 2565 609 2633 Ms.
639 2569 724 2650 1864
749 2553 831 2650 (α’),
857 2579 1008 2631 exaratus

83 2683 210 2752 soeculo
236 2681 320 2750 XIV
353 2707 517 2774 exeunte,
552 2699 611 2754 aut
646 2690 784 2756 ineunte
810 2687 887 2757 XV.
914 2687 1029 2768 Erus...

86 2802 165 2876 dem
189 2803 292 2874 ferme
317 2808 519 2896 antiquitatis
544 2829 592 2880 est
616 2815 681 2882 Ms.
712 2817 792 2900 1863
821 2811 887 2893 (b).
913 2810 1008 2882 Mul-

87 2951 126 3002 to
151 2932 312 3004 recentior
337 2933 402 3004 Ms.
429 2935 538 3020 2965:
501 2951 700 3024 5,neq‘ue
734 2955 774 3004 ut
800 2935 877 3028 alii,
902 2961 1006 3010 mem·

89 3104 134 3190 (a)
153 3110 272 3170 Coclitem
292 3105 364 3169 illum
383 3117 452 3170 haud
470 3117 610 3190 absimilem
629 3137 681 3172 esse
698 3115 793 3184 codici,
799 3141 998 3248 ⁰{ueni
904 3117 1009 3184 Lipsius

111 3188 306 3244 Farnesianun
325 3190 451 3256 appellat,
476 3203 605 3268 quemque
630 3195 736 3248 contulit
753 3203 799 3267 Jac
833 3211 863 3250 us
881 3186 1009 3244 corbinei-

129 3261 165 3319 li,
181 3277 245 3327 sape
263 3277 320 3314 som
340 3277 472 3329 expertus.

91 3321 137 3402 (b)
157 3335 196 3382 Ex
213 3331 261 3383 hoc
279 3335 380 3396 codice,
398 3333 480 3390 aliove
497 3329 593 3398 simili,
612 3337 718 3405 profeiia
736 3340 834 3394 videtur
853 3335 927 3388 editio
944 3334 1009 3402 prin-

126 3419 202 3468 cePs-
227 3407 282 3457 Nec
296 3405 422 3462 dissimilis
439 3422 477 3464 cst
495 3413 545 3468 Ms.
563 3409 643 3464 emax
661 3411 821 3464 Bibliothecae
840 3407 928 3476 Regio
946 3407 1011 3461 Pari·

125 3471 232 3528 siensis.

672 3571 730 3640 03
