2432 3940
1189 24 1192 88 l

1192 136 1193 204 l

269 258 312 326 ss
488 205 797 308 mommo
824 237 923 305 Lm.
946 237 988 306 11.

327 385 489 456 XXXIII.
511 385 659 451 Proximo
680 403 801 452 senatus
823 385 890 467 die,
913 389 1010 453 multa
1033 387 1064 454 in
1086 362 1195 458 luxuml

268 503 400 582 civitatis
422 499 501 568 dicta
523 498 736 590 aQHatetio
750 503 924 583 consulari,
947 476 1196 569 mumolum-l

266 637 341 687 tone
357 635 494 708 ptaetuta
510 613 633 683 fundos
652 604 874 706 decretumque
897 641 1020 686 nevasa
1041 643 1123 687 auro
1140 643 1178 685 so-
1196 588 1197 668 b

264 735 331 804 lida
352 735 570 802 ministrandis
591 733 668 799 cibis
684 731 823 816 fierent:
848 757 884 800 nc
897 739 995 804 vestis
1017 740 1118 803 serica
1142 741 1198 806 uti-s

268 878 325 922 nos
341 852 494 940 sodates.
517 847 658 915 Excess1t
667 849 804 933 Fronto
828 873 862 917 ac
884 851 1053 941 postulavit
1067 853 1180 917 modum

269 985 420 1056 argento,
450 961 629 1054 supellsllil'
618 991 650 1048 s,
667 966 765 1052 famil
765 973 819 1034 ic.
849 965 927 1034 Erat
956 969 1070 1058 quippe
1092 926 1200 1034 adhusl

268 1081 415 1188 frequens
435 1081 639 1164 senatoribus,
663 1084 773 1174 siquid
796 1083 978 1174 erepublica
995 1040 1201 1162 crederens‚l

270 1204 338 1270 loco
359 1200 523 1267 sententias
544 1220 687 1289 promere
706 1208 789 1286 (86)
812 1199 936 1268 Contra
945 1199 1054 1266 Gallus
1063 1196 1202 1266 Astmus

268 1317 429 1396 disseruit,
450 1315 540 1382 nullu
554 1309 690 1402 'imperii
722 1315 896 1382 adolevisse
925 1322 1020 1383 etiam
1038 1321 1180 1405 privatas

267 1450 360 1521 opss3
383 1433 473 1518 idque
496 1455 556 1499 non
579 1452 711 1512 novum,
724 1417 789 1496 ¹scd
806 1452 822 1495 c
842 1436 1068 1499 vetustissimis
1091 1377 1204 1497 mort-b

267 1547 341 1614 bus.
360 1549 467 1632 Aliam
489 1548 573 1636 apud
591 1545 826 1629 Fabricios,al
794 1551 889 1612 aiam
918 1547 1004 1634 apud
1021 1552 1181 1636 scipiones

266 1669 446 1756 pecuniam,
468 1663 512 1738 dm
534 1663 639 1731 cunda
659 1663 701 1730 ad
720 1659 870 1750 rempubl
860 1683 938 1727 stam
963 1661 1098 1748 scfc’cri:
1110 1681 1207 1766 quo¹

270 1787 375 1864 tenui,
397 1799 546 1868 angustas
569 1783 685 1846 civium
714 1765 841 1862 domos3
862 1794 1030 1865 postquam
1059 1797 1092 1842 co
1125 1797 1208 1898 ma¹

269 1895 455 1986 gniftccntiae
478 1902 620 1976 sonarit,
639 1895 771 1984 gliscere
800 1892 936 1980 singulos
966 1897 1051 1982 (87).
1075 1889 1209 1986 Nequc¹

270 2017 305 2077 in
319 2013 450 2098 familia
470 2012 513 2087 ds·
534 2030 684 2101 argento,
707 1999 830 2098 qumque
853 2010 895 2075 ad
906 2031 994 2075 usum
1013 2025 1184 2096 omnmo,

270 2127 400 2184 nimium
420 2125 558 2203 aliquid,
581 2145 636 2188 aut
645 2130 815 2206 modicum,
839 2129 902 2190 nisi
917 2147 953 2191 en
966 2124 1099 2211 fortuna
1112 2141 1184 2211 pos-

268 2231 420 2295 sidentis:
442 2233 606 2299 distinctos
630 2255 754 2300 senatus
776 2241 963 2322 dsscqultum
978 2261 1104 2320 census,
1129 2256 1185 2304 non

268 2346 343 2428 quia
364 2344 480 2410 diversi
504 2361 638 2426 natura,
660 2348 859 2459 seditiosis,
882 2351 1040 2416 ordinibus
1048 2355 1183 2442 ‚digna

269 2457 421 2544 tionibus,
443 2463 594 2526 antistent
617 2427 716 2536 dstal
682 2465 775 2543 aiis,
799 2485 866 2549 qua
889 2470 957 2548 (88)
986 2466 1033 2530 ad
1049 2473 1181 2552 requiem

268 2580 366 2642 animi
394 2594 448 2642 aut
476 2575 694 2644 salubritatem
723 2595 892 2667 conpotum
920 2595 1104 2666 patentur:
1122 2583 1182 2649 nisi

263 2693 352 2780 forte
373 2693 544 2761 clarissimo
567 2698 673 2778 cuique
692 2694 798 2783 plures
820 2716 933 2777 curas,
955 2703 1079 2783 majora
1096 2701 1185 2784 peri-

269 2807 338 2871 cula
358 2809 531 2895 subeunda,·
553 2802 763 2888 delinimentis
785 2833 932 2878 curarum
962 2810 1005 2886 dn
1030 2813 1183 2900 periculo-

269 2939 340 2984 rum
363 2929 634 3006 tantummono.
657 2922 794 2996 Facilem
814 2927 971 2994 adsensum
994 2926 1110 3010 Gallo,
1132 2928 1182 2993 sub

270 3033 439 3103 nominibus
462 3041 621 3123 honestis,
642 3040 791 3109 confessio
815 3045 958 3111 vitiorum
981 3040 1016 3106 dt
1039 3043 1180 3109 similitu-

268 3151 308 3218 do
330 3150 517 3219 audientium
545 3157 645 3223 dedit.
668 3155 836 3238 Adjecerat
866 3157 901 3228 dt
931 3153 1095 3242 Tiberius,
1122 3180 1180 3226 non

267 3267 304 3330 id
321 3283 438 3356 tempus
459 3291 613 3354 censura:
637 3295 707 3356 nec,
727 3275 847 3360 siquid
871 3279 905 3341 in
927 3271 1068 3359 moribus
1096 3275 1180 3343 laba.

268 3397 333 3459 res,
356 3383 528 3490 defuturum
550 3391 729 3477 corrigendi-
745 3388 913 3491 nullorum.
1060 3457 1065 3472 ,

963 3505 1123 3582 XXXIV.
