<?xml version="1.0" encoding="UTF-8"?>
<!DOCTYPE html PUBLIC "-//W3C//DTD XHTML 1.0 Transitional//EN"
    "http://www.w3.org/TR/xhtml1/DTD/xhtml1-transitional.dtd">
<html xmlns="http://www.w3.org/1999/xhtml" xml:lang="en" lang="en">
 <head>
  <title>
</title>
<meta http-equiv="Content-Type" content="text/html;charset=utf-8" />
  <meta name='ocr-system' content='tesseract 3.04.00' />
  <meta name='ocr-capabilities' content='ocr_page ocr_carea ocr_par ocr_line ocrx_word'/>
</head>
<body>
  <div class='ocr_page' id='page_1' title='image "./ccorneliitaciti00brotgoog_0434.png"; bbox 0 0 2538 3948; ppageno 0'>
   <div class='ocr_carea' id='block_1_1' title="bbox 222 251 999 359">
    <p class='ocr_par' dir='ltr' id='par_1_1' title="bbox 222 251 999 359">
     <span class='ocr_line' id='line_1_1' title="bbox 222 251 999 359; baseline -0.003 -11"><span class='ocrx_word' id='word_1_1' title='bbox 222 251 226 263; x_wconf 85' lang='lat'>&#39;</span> <span class='ocrx_word' id='word_1_2' title='bbox 286 275 593 352; x_wconf 74' lang='lat' dir='ltr'>nuunsruu</span> <span class='ocrx_word' id='word_1_3' title='bbox 621 277 798 348; x_wconf 62' lang='grc' dir='ltr'><strong>ΝΟΜ.</strong></span> <span class='ocrx_word' id='word_1_4' title='bbox 942 291 999 359; x_wconf 70' lang='lat' dir='ltr'>,n</span> 
     </span>
    </p>
   </div>
   <div class='ocr_carea' id='block_1_2' title="bbox 5 413 1059 3519">
    <p class='ocr_par' dir='ltr' id='par_1_2' title="bbox 108 413 1001 560">
     <span class='ocr_line' id='line_1_2' title="bbox 110 413 1001 488; baseline -0.004 -14"><span class='ocrx_word' id='word_1_5' title='bbox 110 436 169 474; x_wconf 85' lang='lat' dir='ltr'>nec</span> <span class='ocrx_word' id='word_1_6' title='bbox 190 421 275 474; x_wconf 88' lang='lat' dir='ltr'>minus</span> <span class='ocrx_word' id='word_1_7' title='bbox 298 421 506 474; x_wconf 74' lang='lat' dir='ltr'>subnmuionum</span> <span class='ocrx_word' id='word_1_8' title='bbox 523 413 711 488; x_wconf 83' lang='lat' dir='ltr'>magnificentia</span> <span class='ocrx_word' id='word_1_9' title='bbox 727 416 934 487; x_wconf 76' lang='lat' dir='ltr'>conspicientis.</span> <span class='ocrx_word' id='word_1_10' title='bbox 960 423 1001 482; x_wconf 75' lang='lat' dir='ltr'>lta</span> 
     </span>
     <span class='ocr_line' id='line_1_3' title="bbox 108 493 822 560; baseline -0.004 -12"><span class='ocrx_word' id='word_1_11' title='bbox 108 493 267 558; x_wconf 80' lang='lat' dir='ltr'>Gronovius</span> <span class='ocrx_word' id='word_1_12' title='bbox 285 493 477 560; x_wconf 76' lang='lat' dir='ltr'>interpretatur.</span> <span class='ocrx_word' id='word_1_13' title='bbox 818 541 822 550; x_wconf 78' lang='grc'><strong>,</strong></span> 
     </span>
    </p>

    <p class='ocr_par' dir='ltr' id='par_1_3' title="bbox 67 559 1000 692">
     <span class='ocr_line' id='line_1_4' title="bbox 67 559 1000 642; baseline 0.004 -27"><span class='ocrx_word' id='word_1_14' title='bbox 67 565 166 642; x_wconf 82' lang='lat'>(¹59)</span> <span class='ocrx_word' id='word_1_15' title='bbox 189 577 301 640; x_wconf 56' lang='lat' dir='ltr'>guanto</span> <span class='ocrx_word' id='word_1_16' title='bbox 319 567 490 620; x_wconf 80' lang='lat' dir='ltr'>intentur...</span> <span class='ocrx_word' id='word_1_17' title='bbox 515 575 592 618; x_wconf 78' lang='lat' dir='ltr'>rente</span> <span class='ocrx_word' id='word_1_18' title='bbox 610 559 734 620; x_wconf 79' lang='lat' dir='ltr'>occultes.</span> <span class='ocrx_word' id='word_1_19' title='bbox 753 563 890 628; x_wconf 76' lang='lat' dir='ltr'>Utrobique</span> <span class='ocrx_word' id='word_1_20' title='bbox 907 565 1000 620; x_wconf 58' lang='lat' dir='ltr'>subatra</span> 
     </span>
     <span class='ocr_line' id='line_1_5' title="bbox 110 638 542 692; baseline 0.002 -3"><span class='ocrx_word' id='word_1_21' title='bbox 110 638 190 690; x_wconf 80' lang='lat' dir='ltr'>ditur</span> <span class='ocrx_word' id='word_1_22' title='bbox 205 657 250 691; x_wconf 84' lang='lat' dir='ltr'>ma</span> <span class='ocrx_word' id='word_1_23' title='bbox 265 639 286 691; x_wconf 84' lang='lat' dir='ltr'>ir</span> <span class='ocrx_word' id='word_1_24' title='bbox 304 656 336 690; x_wconf 86' lang='lat' dir='ltr'>ex</span> <span class='ocrx_word' id='word_1_25' title='bbox 355 655 422 691; x_wconf 83' lang='lat' dir='ltr'>mose</span> <span class='ocrx_word' id='word_1_26' title='bbox 440 639 542 692; x_wconf 79' lang='lat' dir='ltr'>Taciti.</span> 
     </span>
    </p>

    <p class='ocr_par' dir='ltr' id='par_1_4' title="bbox 64 655 999 923">
     <span class='ocr_line' id='line_1_6' title="bbox 64 655 999 782; baseline 0.004 -22"><span class='ocrx_word' id='word_1_27' title='bbox 64 707 160 781; x_wconf 80' lang='lat'><em>(160)</em></span> <span class='ocrx_word' id='word_1_28' title='bbox 181 655 344 766; x_wconf 57' lang='lat' dir='ltr'>Celeblvrr‘mo</span> <span class='ocrx_word' id='word_1_29' title='bbox 354 706 426 782; x_wconf 84' lang='lat' dir='ltr'>seri.</span> <span class='ocrx_word' id='word_1_30' title='bbox 444 715 484 763; x_wconf 86' lang='lat' dir='ltr'>Ea</span> <span class='ocrx_word' id='word_1_31' title='bbox 500 723 570 776; x_wconf 87' lang='lat' dir='ltr'>parte</span> <span class='ocrx_word' id='word_1_32' title='bbox 588 707 652 773; x_wconf 87' lang='lat' dir='ltr'>fori,</span> <span class='ocrx_word' id='word_1_33' title='bbox 668 726 725 776; x_wconf 77' lang='lat' dir='ltr'>quet</span> <span class='ocrx_word' id='word_1_34' title='bbox 743 721 808 763; x_wconf 86' lang='lat' dir='ltr'>esset</span> <span class='ocrx_word' id='word_1_35' title='bbox 825 708 999 780; x_wconf 86' lang='lat' dir='ltr'>celeberrima,</span> 
     </span>
     <span class='ocr_line' id='line_1_7' title="bbox 106 782 999 854; baseline 0.003 -21"><span class='ocrx_word' id='word_1_36' title='bbox 106 799 170 854; x_wconf 86' lang='lat' dir='ltr'>qua</span> <span class='ocrx_word' id='word_1_37' title='bbox 190 783 308 836; x_wconf 87' lang='lat' dir='ltr'>videntur</span> <span class='ocrx_word' id='word_1_38' title='bbox 326 783 451 851; x_wconf 87' lang='lat' dir='ltr'>designari</span> <span class='ocrx_word' id='word_1_39' title='bbox 474 797 576 844; x_wconf 85' lang='lat' dir='ltr'>rostra,</span> <span class='ocrx_word' id='word_1_40' title='bbox 603 785 644 838; x_wconf 86' lang='lat' dir='ltr'>vel</span> <span class='ocrx_word' id='word_1_41' title='bbox 670 782 859 850; x_wconf 75' lang='lat' dir='ltr'>interpretare,</span> <span class='ocrx_word' id='word_1_42' title='bbox 883 799 942 834; x_wconf 90' lang='lat' dir='ltr'>cum</span> <span class='ocrx_word' id='word_1_43' title='bbox 960 783 999 836; x_wconf 75' lang='lat' dir='ltr'>fo·</span> 
     </span>
     <span class='ocr_line' id='line_1_8' title="bbox 105 853 803 923; baseline 0.009 -21"><span class='ocrx_word' id='word_1_44' title='bbox 105 869 177 917; x_wconf 73' lang='lat' dir='ltr'>rum</span> <span class='ocrx_word' id='word_1_45' title='bbox 195 867 258 907; x_wconf 89' lang='lat' dir='ltr'>esset</span> <span class='ocrx_word' id='word_1_46' title='bbox 276 853 525 923; x_wconf 86' lang='lat' dir='ltr'>frequentissimum.</span> <span class='ocrx_word' id='word_1_47' title='bbox 801 891 803 897; x_wconf 89' lang='lat'><em>-</em></span> 
     </span>
    </p>

    <p class='ocr_par' dir='ltr' id='par_1_5' title="bbox 62 923 996 1051">
     <span class='ocr_line' id='line_1_9' title="bbox 62 923 996 1002; baseline 0.001 -29"><span class='ocrx_word' id='word_1_48' title='bbox 62 924 167 998; x_wconf 70' lang='lat' dir='ltr'>(rsty</span> <span class='ocrx_word' id='word_1_49' title='bbox 183 927 294 1002; x_wconf 69' lang='lat' dir='ltr'>speeiem</span> <span class='ocrx_word' id='word_1_50' title='bbox 310 924 388 981; x_wconf 70' lang='lat' dir='ltr'>aelle</span> <span class='ocrx_word' id='word_1_51' title='bbox 405 926 532 982; x_wconf 75' lang='lat' dir='ltr'>amicitia</span> <span class='ocrx_word' id='word_1_52' title='bbox 548 923 654 1001; x_wconf 83' lang='lat' dir='ltr'>facere.</span> <span class='ocrx_word' id='word_1_53' title='bbox 679 933 749 997; x_wconf 83' lang='lat' dir='ltr'>Lege</span> <span class='ocrx_word' id='word_1_54' title='bbox 766 943 824 980; x_wconf 81' lang='lat' dir='ltr'>cunr</span> <span class='ocrx_word' id='word_1_55' title='bbox 842 930 943 980; x_wconf 82' lang='lat' dir='ltr'>Murem</span> <span class='ocrx_word' id='word_1_56' title='bbox 953 925 996 1002; x_wconf 69' lang='lat' dir='ltr'>fe.</span> 
     </span>
     <span class='ocr_line' id='line_1_10' title="bbox 104 1011 772 1051; baseline 0.001 -2"><span class='ocrx_word' id='word_1_57' title='bbox 104 1011 181 1051; x_wconf 76' lang='lat' dir='ltr'>rere.</span> <span class='ocrx_word' id='word_1_58' title='bbox 770 1043 772 1050; x_wconf 94' lang='lat'>.</span> 
     </span>
    </p>

    <p class='ocr_par' dir='ltr' id='par_1_6' title="bbox 64 1068 940 1140">
     <span class='ocr_line' id='line_1_11' title="bbox 64 1068 940 1140; baseline 0.01 -24"><span class='ocrx_word' id='word_1_59' title='bbox 64 1068 143 1140; x_wconf 83' lang='lat'>(162</span> <span class='ocrx_word' id='word_1_60' title='bbox 185 1077 265 1126; x_wconf 77' lang='lat' dir='ltr'>Ferte</span> <span class='ocrx_word' id='word_1_61' title='bbox 283 1084 367 1126; x_wconf 78' lang='lat' dir='ltr'>erra.</span> <span class='ocrx_word' id='word_1_62' title='bbox 386 1073 450 1136; x_wconf 65' lang='lat' dir='ltr'>Quo</span> <span class='ocrx_word' id='word_1_63' title='bbox 468 1085 552 1140; x_wconf 85' lang='lat' dir='ltr'>posset</span> <span class='ocrx_word' id='word_1_64' title='bbox 570 1072 675 1126; x_wconf 89' lang='lat' dir='ltr'>fortuito</span> <span class='ocrx_word' id='word_1_65' title='bbox 692 1075 777 1140; x_wconf 86' lang='lat' dir='ltr'>aliquo</span> <span class='ocrx_word' id='word_1_66' title='bbox 792 1090 851 1126; x_wconf 84' lang='lat' dir='ltr'>casu</span> <span class='ocrx_word' id='word_1_67' title='bbox 869 1073 940 1130; x_wconf 82' lang='lat' dir='ltr'>oriri.</span> 
     </span>
    </p>

    <p class='ocr_par' dir='ltr' id='par_1_7' title="bbox 64 1141 994 1361">
     <span class='ocr_line' id='line_1_12' title="bbox 64 1141 994 1218; baseline 0.002 -21"><span class='ocrx_word' id='word_1_68' title='bbox 64 1141 136 1212; x_wconf 80' lang='lat'>(¹⁶3</span> <span class='ocrx_word' id='word_1_69' title='bbox 181 1151 266 1217; x_wconf 79' lang='lat' dir='ltr'>Egens</span> <span class='ocrx_word' id='word_1_70' title='bbox 282 1141 424 1204; x_wconf 78' lang='lat' dir='ltr'>adversum</span> <span class='ocrx_word' id='word_1_71' title='bbox 439 1144 584 1218; x_wconf 72' lang='lat' dir='ltr'>proximos.</span> <span class='ocrx_word' id='word_1_72' title='bbox 616 1150 670 1213; x_wconf 82' lang='lat' dir='ltr'>Iao.</span> <span class='ocrx_word' id='word_1_73' title='bbox 689 1146 831 1200; x_wconf 85' lang='lat' dir='ltr'>Gronovius</span> <span class='ocrx_word' id='word_1_74' title='bbox 850 1143 994 1212; x_wconf 86' lang='lat' dir='ltr'>interpreta-</span> 
     </span>
     <span class='ocr_line' id='line_1_13' title="bbox 104 1216 993 1288; baseline 0.007 -24"><span class='ocrx_word' id='word_1_75' title='bbox 104 1228 154 1264; x_wconf 88' lang='lat' dir='ltr'>tur</span> <span class='ocrx_word' id='word_1_76' title='bbox 172 1234 242 1288; x_wconf 79' lang='lat' dir='ltr'>egent</span> <span class='ocrx_word' id='word_1_77' title='bbox 260 1216 325 1279; x_wconf 91' lang='lat' dir='ltr'>fide,</span> <span class='ocrx_word' id='word_1_78' title='bbox 342 1233 393 1285; x_wconf 85' lang='lat' dir='ltr'>qua</span> <span class='ocrx_word' id='word_1_79' title='bbox 409 1218 514 1270; x_wconf 77' lang='lat' dir='ltr'>societas</span> <span class='ocrx_word' id='word_1_80' title='bbox 533 1218 638 1269; x_wconf 86' lang='lat' dir='ltr'>nititur:</span> <span class='ocrx_word' id='word_1_81' title='bbox 657 1219 699 1271; x_wconf 88' lang='lat' dir='ltr'>sed</span> <span class='ocrx_word' id='word_1_82' title='bbox 717 1216 797 1284; x_wconf 82' lang='lat' dir='ltr'>placet</span> <span class='ocrx_word' id='word_1_83' title='bbox 814 1217 908 1270; x_wconf 88' lang='lat' dir='ltr'>Mureti</span> <span class='ocrx_word' id='word_1_84' title='bbox 933 1235 993 1272; x_wconf 90' lang='lat' dir='ltr'>con-</span> 
     </span>
     <span class='ocr_line' id='line_1_14' title="bbox 106 1287 956 1361; baseline 0.009 -24"><span class='ocrx_word' id='word_1_85' title='bbox 106 1287 230 1352; x_wconf 69' lang='lat' dir='ltr'>iectura,</span> <span class='ocrx_word' id='word_1_86' title='bbox 248 1306 291 1355; x_wconf 87' lang='lat' dir='ltr'>pro</span> <span class='ocrx_word' id='word_1_87' title='bbox 306 1307 393 1361; x_wconf 68' lang='lat' dir='ltr'>egent,</span> <span class='ocrx_word' id='word_1_88' title='bbox 417 1290 501 1344; x_wconf 79' lang='lat' dir='ltr'>etiam</span> <span class='ocrx_word' id='word_1_89' title='bbox 518 1291 678 1356; x_wconf 82' lang='lat' dir='ltr'>reponentis.</span> <span class='ocrx_word' id='word_1_90' title='bbox 953 1351 956 1356; x_wconf 54' lang='grc'><strong><em>,</em></strong></span> 
     </span>
    </p>

    <p class='ocr_par' dir='ltr' id='par_1_8' title="bbox 63 1354 993 1629">
     <span class='ocr_line' id='line_1_15' title="bbox 63 1354 993 1435; baseline 0.004 -27"><span class='ocrx_word' id='word_1_91' title='bbox 63 1354 163 1430; x_wconf 75' lang='lat' dir='ltr'>(roe)</span> <span class='ocrx_word' id='word_1_92' title='bbox 184 1357 355 1416; x_wconf 45' lang='lat' dir='ltr'>sollemnior.</span> <span class='ocrx_word' id='word_1_93' title='bbox 372 1399 379 1414; x_wconf 93' lang='lat'>.</span> <span class='ocrx_word' id='word_1_94' title='bbox 394 1398 402 1414; x_wconf 89' lang='lat'>.</span> <span class='ocrx_word' id='word_1_95' title='bbox 417 1399 425 1413; x_wconf 91' lang='lat'>.</span> <span class='ocrx_word' id='word_1_96' title='bbox 443 1361 525 1424; x_wconf 78' lang='lat' dir='ltr'>aneti,</span> <span class='ocrx_word' id='word_1_97' title='bbox 543 1358 667 1421; x_wconf 79' lang='lat' dir='ltr'>Calendis</span> <span class='ocrx_word' id='word_1_98' title='bbox 681 1365 744 1429; x_wconf 70' lang='lat' dir='ltr'>Ian.</span> <span class='ocrx_word' id='word_1_99' title='bbox 758 1364 993 1435; x_wconf 61' lang='lat' dir='ltr'>precatuucaesar</span> 
     </span>
     <span class='ocr_line' id='line_1_16' title="bbox 103 1432 991 1501; baseline 0.007 -21"><span class='ocrx_word' id='word_1_100' title='bbox 103 1443 244 1500; x_wconf 82' lang='lat' dir='ltr'>precatus,</span> <span class='ocrx_word' id='word_1_101' title='bbox 260 1451 306 1495; x_wconf 85' lang='lat' dir='ltr'>ea,</span> <span class='ocrx_word' id='word_1_102' title='bbox 324 1451 379 1501; x_wconf 72' lang='lat' dir='ltr'>que</span> <span class='ocrx_word' id='word_1_103' title='bbox 398 1432 546 1486; x_wconf 79' lang='lat' dir='ltr'>sollemniter</span> <span class='ocrx_word' id='word_1_104' title='bbox 563 1450 631 1487; x_wconf 87' lang='lat' dir='ltr'>anno</span> <span class='ocrx_word' id='word_1_105' title='bbox 649 1435 783 1500; x_wconf 86' lang='lat' dir='ltr'>incipiente</span> <span class='ocrx_word' id='word_1_106' title='bbox 800 1434 896 1487; x_wconf 90' lang='lat' dir='ltr'>solent.</span> <span class='ocrx_word' id='word_1_107' title='bbox 922 1439 991 1487; x_wconf 91' lang='lat' dir='ltr'>Nam</span> 
     </span>
     <span class='ocr_line' id='line_1_17' title="bbox 100 1502 991 1572; baseline 0.007 -21"><span class='ocrx_word' id='word_1_108' title='bbox 100 1502 218 1569; x_wconf 90' lang='lat' dir='ltr'>primum</span> <span class='ocrx_word' id='word_1_109' title='bbox 241 1506 384 1572; x_wconf 87' lang='lat' dir='ltr'>incipientis</span> <span class='ocrx_word' id='word_1_110' title='bbox 407 1508 468 1558; x_wconf 86' lang='lat' dir='ltr'>anni</span> <span class='ocrx_word' id='word_1_111' title='bbox 493 1506 559 1558; x_wconf 86' lang='lat' dir='ltr'>diem</span> <span class='ocrx_word' id='word_1_112' title='bbox 584 1507 649 1559; x_wconf 83' lang='lat' dir='ltr'>laetis</span> <span class='ocrx_word' id='word_1_113' title='bbox 675 1504 796 1558; x_wconf 83' lang='lat' dir='ltr'>invicem</span> <span class='ocrx_word' id='word_1_114' title='bbox 810 1505 991 1572; x_wconf 79' lang='lat' dir='ltr'>precationibus</span> 
     </span>
     <span class='ocr_line' id='line_1_18' title="bbox 103 1573 437 1629; baseline 0.012 -5"><span class='ocrx_word' id='word_1_115' title='bbox 103 1573 225 1627; x_wconf 85' lang='lat' dir='ltr'>faustum</span> <span class='ocrx_word' id='word_1_116' title='bbox 244 1577 437 1629; x_wconf 87' lang='lat' dir='ltr'>ominabantur.</span> 
     </span>
    </p>

    <p class='ocr_par' dir='ltr' id='par_1_9' title="bbox 61 1641 992 1778">
     <span class='ocr_line' id='line_1_19' title="bbox 61 1641 992 1721; baseline 0.006 -25"><span class='ocrx_word' id='word_1_117' title='bbox 61 1641 78 1716; x_wconf 83' lang='lat'><strong>(</strong></span> <span class='ocrx_word' id='word_1_118' title='bbox 84 1655 115 1696; x_wconf 84' lang='lat'>16</span> <span class='ocrx_word' id='word_1_119' title='bbox 121 1642 156 1714; x_wconf 88' lang='lat'>5)</span> <span class='ocrx_word' id='word_1_120' title='bbox 175 1648 308 1704; x_wconf 76' lang='lat' dir='ltr'>Latinius</span> <span class='ocrx_word' id='word_1_121' title='bbox 324 1648 515 1721; x_wconf 76' lang='lat' dir='ltr'>atqueopeiue.</span> <span class='ocrx_word' id='word_1_122' title='bbox 533 1651 661 1716; x_wconf 81' lang='lat' dir='ltr'>Deopslo</span> <span class='ocrx_word' id='word_1_123' title='bbox 677 1647 741 1707; x_wconf 81' lang='lat' dir='ltr'>nihil</span> <span class='ocrx_word' id='word_1_124' title='bbox 758 1648 785 1698; x_wconf 86' lang='lat' dir='ltr'>in</span> <span class='ocrx_word' id='word_1_125' title='bbox 804 1647 843 1700; x_wconf 84' lang='lat' dir='ltr'>his</span> <span class='ocrx_word' id='word_1_126' title='bbox 860 1647 941 1701; x_wconf 85' lang='lat' dir='ltr'>libris:</span> <span class='ocrx_word' id='word_1_127' title='bbox 959 1648 992 1702; x_wconf 80' lang='lat' dir='ltr'>de</span> 
     </span>
     <span class='ocr_line' id='line_1_20' title="bbox 104 1719 862 1778; baseline -0.001 -8"><span class='ocrx_word' id='word_1_128' title='bbox 104 1719 213 1770; x_wconf 86' lang='lat' dir='ltr'>Latinio</span> <span class='ocrx_word' id='word_1_129' title='bbox 230 1720 304 1770; x_wconf 90' lang='lat' dir='ltr'>habes</span> <span class='ocrx_word' id='word_1_130' title='bbox 321 1724 389 1772; x_wconf 82' lang='lat' dir='ltr'>Ann.</span> <span class='ocrx_word' id='word_1_131' title='bbox 400 1729 426 1778; x_wconf 82' lang='lat'>⁶,</span> <span class='ocrx_word' id='word_1_132' title='bbox 443 1736 471 1774; x_wconf 80' lang='lat'>4·</span> <span class='ocrx_word' id='word_1_133' title='bbox 861 1758 862 1763; x_wconf 50' lang='grc'>,</span> 
     </span>
    </p>

    <p class='ocr_par' dir='ltr' id='par_1_10' title="bbox 64 1785 987 2003">
     <span class='ocr_line' id='line_1_21' title="bbox 64 1785 987 1910; baseline 0.003 -72"><span class='ocrx_word' id='word_1_134' title='bbox 64 1785 158 1861; x_wconf 78' lang='lat'>(16⁶)</span> <span class='ocrx_word' id='word_1_135' title='bbox 177 1785 330 1843; x_wconf 76' lang='lat' dir='ltr'>Liberorum</span> <span class='ocrx_word' id='word_1_136' title='bbox 349 1788 489 1910; x_wconf 78' lang='lat' dir='ltr'>Agrippina</span> <span class='ocrx_word' id='word_1_137' title='bbox 505 1792 669 1843; x_wconf 73' lang='lat' dir='ltr'>Materterae.</span> <span class='ocrx_word' id='word_1_138' title='bbox 689 1795 756 1842; x_wconf 90' lang='lat' dir='ltr'>Nam</span> <span class='ocrx_word' id='word_1_139' title='bbox 776 1789 894 1854; x_wconf 74' lang='lat' dir='ltr'>Vipsania</span> <span class='ocrx_word' id='word_1_140' title='bbox 913 1793 987 1844; x_wconf 83' lang='lat' dir='ltr'>Tibe.</span> 
     </span>
     <span class='ocr_line' id='line_1_22' title="bbox 99 1859 986 1930; baseline 0.005 -18"><span class='ocrx_word' id='word_1_141' title='bbox 99 1861 132 1912; x_wconf 87' lang='lat' dir='ltr'>rii</span> <span class='ocrx_word' id='word_1_142' title='bbox 152 1861 279 1926; x_wconf 87' lang='lat' dir='ltr'>primum,</span> <span class='ocrx_word' id='word_1_143' title='bbox 302 1861 359 1913; x_wconf 88' lang='lat' dir='ltr'>dein</span> <span class='ocrx_word' id='word_1_144' title='bbox 378 1859 445 1916; x_wconf 83' lang='lat' dir='ltr'>Gali</span> <span class='ocrx_word' id='word_1_145' title='bbox 463 1875 552 1921; x_wconf 87' lang='lat' dir='ltr'>uxot,</span> <span class='ocrx_word' id='word_1_146' title='bbox 576 1869 599 1912; x_wconf 81' lang='lat' dir='ltr'>dr</span> <span class='ocrx_word' id='word_1_147' title='bbox 617 1859 781 1930; x_wconf 84' lang='lat' dir='ltr'>Agrippina,</span> <span class='ocrx_word' id='word_1_148' title='bbox 805 1862 892 1913; x_wconf 86' lang='lat' dir='ltr'>eodem</span> <span class='ocrx_word' id='word_1_149' title='bbox 918 1877 986 1930; x_wconf 89' lang='lat' dir='ltr'>patre</span> 
     </span>
     <span class='ocr_line' id='line_1_23' title="bbox 100 1931 935 2003; baseline 0.002 -18"><span class='ocrx_word' id='word_1_150' title='bbox 100 1933 216 2001; x_wconf 70' lang='lat' dir='ltr'>genitae,</span> <span class='ocrx_word' id='word_1_151' title='bbox 234 1949 311 1986; x_wconf 85' lang='lat' dir='ltr'>matre</span> <span class='ocrx_word' id='word_1_152' title='bbox 329 1933 444 1994; x_wconf 85' lang='lat' dir='ltr'>diversa,</span> <span class='ocrx_word' id='word_1_153' title='bbox 461 1931 516 1990; x_wconf 81' lang='lat' dir='ltr'>hac</span> <span class='ocrx_word' id='word_1_154' title='bbox 534 1933 627 2003; x_wconf 82' lang='lat' dir='ltr'>Juliee,</span> <span class='ocrx_word' id='word_1_155' title='bbox 645 1931 687 1986; x_wconf 85' lang='lat' dir='ltr'>illa</span> <span class='ocrx_word' id='word_1_156' title='bbox 704 1933 848 1998; x_wconf 73' lang='lat' dir='ltr'>Pomponia</span> <span class='ocrx_word' id='word_1_157' title='bbox 867 1931 935 1988; x_wconf 82' lang='lat' dir='ltr'>filia.</span> 
     </span>
    </p>

    <p class='ocr_par' dir='ltr' id='par_1_11' title="bbox 65 2000 983 2650">
     <span class='ocr_line' id='line_1_24' title="bbox 65 2000 983 2082; baseline 0.005 -28"><span class='ocrx_word' id='word_1_158' title='bbox 65 2000 153 2082; x_wconf 78' lang='lat'>(167)</span> <span class='ocrx_word' id='word_1_159' title='bbox 169 2008 210 2059; x_wconf 79' lang='lat' dir='ltr'>tu</span> <span class='ocrx_word' id='word_1_160' title='bbox 227 2002 404 2068; x_wconf 70' lang='lat' dir='ltr'>cundlatienee</span> <span class='ocrx_word' id='word_1_161' title='bbox 418 2002 539 2078; x_wconf 79' lang='lat' dir='ltr'>principit</span> <span class='ocrx_word' id='word_1_162' title='bbox 562 2004 741 2080; x_wconf 77' lang='lat' dir='ltr'>aperirentur.</span> <span class='ocrx_word' id='word_1_163' title='bbox 768 2010 805 2057; x_wconf 87' lang='lat' dir='ltr'>Ut</span> <span class='ocrx_word' id='word_1_164' title='bbox 828 2003 983 2070; x_wconf 78' lang='lat' dir='ltr'>simultates,</span> 
     </span>
     <span class='ocr_line' id='line_1_25' title="bbox 102 2076 983 2146; baseline 0.003 -19"><span class='ocrx_word' id='word_1_165' title='bbox 102 2093 170 2146; x_wconf 87' lang='lat' dir='ltr'>quas</span> <span class='ocrx_word' id='word_1_166' title='bbox 188 2076 280 2129; x_wconf 89' lang='lat' dir='ltr'>dudum</span> <span class='ocrx_word' id='word_1_167' title='bbox 300 2077 422 2146; x_wconf 85' lang='lat' dir='ltr'>coquebat</span> <span class='ocrx_word' id='word_1_168' title='bbox 440 2076 629 2130; x_wconf 80' lang='lat' dir='ltr'>inGermanici</span> <span class='ocrx_word' id='word_1_169' title='bbox 647 2077 778 2137; x_wconf 91' lang='lat' dir='ltr'>domum,</span> <span class='ocrx_word' id='word_1_170' title='bbox 803 2077 906 2129; x_wconf 87' lang='lat' dir='ltr'>tandem</span> <span class='ocrx_word' id='word_1_171' title='bbox 924 2097 983 2130; x_wconf 87' lang='lat' dir='ltr'>evo-</span> 
     </span>
     <span class='ocr_line' id='line_1_26' title="bbox 100 2145 982 2222; baseline 0.003 -22"><span class='ocrx_word' id='word_1_172' title='bbox 100 2161 199 2202; x_wconf 90' lang='lat' dir='ltr'>meret.</span> <span class='ocrx_word' id='word_1_173' title='bbox 226 2155 266 2202; x_wconf 90' lang='lat' dir='ltr'>Ita</span> <span class='ocrx_word' id='word_1_174' title='bbox 284 2150 439 2203; x_wconf 78' lang='lat' dir='ltr'>Salinerius.</span> <span class='ocrx_word' id='word_1_175' title='bbox 458 2153 493 2206; x_wconf 84' lang='lat' dir='ltr'>At</span> <span class='ocrx_word' id='word_1_176' title='bbox 510 2150 652 2202; x_wconf 83' lang='lat' dir='ltr'>Gronovius</span> <span class='ocrx_word' id='word_1_177' title='bbox 675 2145 793 2200; x_wconf 88' lang='lat' dir='ltr'>emendat</span> <span class='ocrx_word' id='word_1_178' title='bbox 815 2148 982 2222; x_wconf 75' lang='lat' dir='ltr'>opperiretur,</span> 
     </span>
     <span class='ocr_line' id='line_1_27' title="bbox 99 2218 981 2290; baseline 0.001 -16"><span class='ocrx_word' id='word_1_179' title='bbox 99 2229 126 2274; x_wconf 73' lang='lat' dir='ltr'>dr</span> <span class='ocrx_word' id='word_1_180' title='bbox 144 2221 254 2289; x_wconf 75' lang='lat' dir='ltr'>explicat</span> <span class='ocrx_word' id='word_1_181' title='bbox 277 2223 307 2274; x_wconf 92' lang='lat' dir='ltr'>de</span> <span class='ocrx_word' id='word_1_182' title='bbox 323 2224 435 2290; x_wconf 75' lang='lat' dir='ltr'>Seiano,</span> <span class='ocrx_word' id='word_1_183' title='bbox 460 2220 504 2289; x_wconf 92' lang='lat' dir='ltr'>qui</span> <span class='ocrx_word' id='word_1_184' title='bbox 528 2220 696 2280; x_wconf 74' lang='lat' dir='ltr'>subserviebat</span> <span class='ocrx_word' id='word_1_185' title='bbox 720 2219 823 2287; x_wconf 86' lang='lat' dir='ltr'>ingenio</span> <span class='ocrx_word' id='word_1_186' title='bbox 848 2218 981 2290; x_wconf 85' lang='lat' dir='ltr'>principis,</span> 
     </span>
     <span class='ocr_line' id='line_1_28' title="bbox 100 2292 980 2360; baseline 0.003 -14"><span class='ocrx_word' id='word_1_187' title='bbox 100 2301 127 2346; x_wconf 74' lang='lat' dir='ltr'>dr</span> <span class='ocrx_word' id='word_1_188' title='bbox 146 2294 227 2360; x_wconf 86' lang='lat' dir='ltr'>specie</span> <span class='ocrx_word' id='word_1_189' title='bbox 243 2295 401 2346; x_wconf 82' lang='lat' dir='ltr'>clementiam</span> <span class='ocrx_word' id='word_1_190' title='bbox 420 2293 574 2356; x_wconf 86' lang='lat' dir='ltr'>suadentis,</span> <span class='ocrx_word' id='word_1_191' title='bbox 598 2293 673 2346; x_wconf 86' lang='lat' dir='ltr'>dabat</span> <span class='ocrx_word' id='word_1_192' title='bbox 697 2292 720 2344; x_wconf 88' lang='lat' dir='ltr'>ei</span> <span class='ocrx_word' id='word_1_193' title='bbox 745 2293 901 2344; x_wconf 80' lang='lat' dir='ltr'>occasionem</span> <span class='ocrx_word' id='word_1_194' title='bbox 919 2313 980 2348; x_wconf 68' lang='lat' dir='ltr'>con.</span> 
     </span>
     <span class='ocr_line' id='line_1_29' title="bbox 100 2365 978 2436; baseline 0 -22"><span class='ocrx_word' id='word_1_195' title='bbox 100 2367 191 2428; x_wconf 84' lang='lat' dir='ltr'>tandi,</span> <span class='ocrx_word' id='word_1_196' title='bbox 208 2366 383 2436; x_wconf 79' lang='lat' dir='ltr'>differendique</span> <span class='ocrx_word' id='word_1_197' title='bbox 401 2367 504 2420; x_wconf 91' lang='lat' dir='ltr'>Gallum</span> <span class='ocrx_word' id='word_1_198' title='bbox 530 2365 556 2416; x_wconf 89' lang='lat' dir='ltr'>iu</span> <span class='ocrx_word' id='word_1_199' title='bbox 573 2367 694 2418; x_wconf 86' lang='lat' dir='ltr'>maturius</span> <span class='ocrx_word' id='word_1_200' title='bbox 711 2365 820 2427; x_wconf 88' lang='lat' dir='ltr'>odium,</span> <span class='ocrx_word' id='word_1_201' title='bbox 844 2365 924 2418; x_wconf 88' lang='lat' dir='ltr'>sciens</span> <span class='ocrx_word' id='word_1_202' title='bbox 950 2369 978 2422; x_wconf 80' lang='lat' dir='ltr'>il.</span> 
     </span>
     <span class='ocr_line' id='line_1_30' title="bbox 99 2437 978 2508; baseline 0.002 -20"><span class='ocrx_word' id='word_1_203' title='bbox 99 2438 155 2490; x_wconf 89' lang='lat' dir='ltr'>lum</span> <span class='ocrx_word' id='word_1_204' title='bbox 172 2439 276 2507; x_wconf 85' lang='lat' dir='ltr'>gaudere</span> <span class='ocrx_word' id='word_1_205' title='bbox 293 2457 360 2493; x_wconf 89' lang='lat' dir='ltr'>mota</span> <span class='ocrx_word' id='word_1_206' title='bbox 377 2438 524 2508; x_wconf 81' lang='lat' dir='ltr'>&amp;quodam</span> <span class='ocrx_word' id='word_1_207' title='bbox 539 2439 612 2505; x_wconf 83' lang='lat' dir='ltr'>quasi</span> <span class='ocrx_word' id='word_1_208' title='bbox 627 2437 893 2494; x_wconf 73' lang='lat' dir='ltr'>trastuconsiliorums</span> <span class='ocrx_word' id='word_1_209' title='bbox 912 2455 978 2506; x_wconf 80' lang='lat' dir='ltr'>post.</span> 
     </span>
     <span class='ocr_line' id='line_1_31' title="bbox 100 2508 977 2579; baseline 0.007 -20"><span class='ocrx_word' id='word_1_210' title='bbox 100 2525 179 2576; x_wconf 85' lang='lat' dir='ltr'>quam</span> <span class='ocrx_word' id='word_1_211' title='bbox 197 2511 334 2574; x_wconf 85' lang='lat' dir='ltr'>decresset,</span> <span class='ocrx_word' id='word_1_212' title='bbox 351 2528 402 2564; x_wconf 89' lang='lat' dir='ltr'>non</span> <span class='ocrx_word' id='word_1_213' title='bbox 417 2511 552 2579; x_wconf 81' lang='lat' dir='ltr'>paenitere,</span> <span class='ocrx_word' id='word_1_214' title='bbox 569 2511 644 2564; x_wconf 85' lang='lat' dir='ltr'>seda</span> <span class='ocrx_word' id='word_1_215' title='bbox 662 2508 741 2564; x_wconf 87' lang='lat' dir='ltr'>verbis</span> <span class='ocrx_word' id='word_1_216' title='bbox 755 2508 866 2566; x_wconf 84' lang='lat' dir='ltr'>imitibus</span> <span class='ocrx_word' id='word_1_217' title='bbox 882 2510 915 2567; x_wconf 82' lang='lat' dir='ltr'>ad</span> <span class='ocrx_word' id='word_1_218' title='bbox 932 2529 977 2565; x_wconf 74' lang='lat' dir='ltr'>sar-</span> 
     </span>
     <span class='ocr_line' id='line_1_32' title="bbox 100 2583 430 2650; baseline 0.012 -18"><span class='ocrx_word' id='word_1_219' title='bbox 100 2597 134 2632; x_wconf 87' lang='lat' dir='ltr'>va</span> <span class='ocrx_word' id='word_1_220' title='bbox 152 2583 273 2648; x_wconf 87' lang='lat' dir='ltr'>supplicia</span> <span class='ocrx_word' id='word_1_221' title='bbox 289 2585 430 2650; x_wconf 88' lang='lat' dir='ltr'>procedere.</span> 
     </span>
    </p>

    <p class='ocr_par' dir='ltr' id='par_1_12' title="bbox 80 2651 973 2796">
     <span class='ocr_line' id='line_1_33' title="bbox 80 2651 665 2724; baseline 0.014 -25"><span class='ocrx_word' id='word_1_222' title='bbox 80 2651 141 2724; x_wconf 82' lang='lat'><strong>1⁶8)</strong></span> <span class='ocrx_word' id='word_1_223' title='bbox 155 2651 245 2721; x_wconf 74' lang='lat' dir='ltr'>Iulia.</span> <span class='ocrx_word' id='word_1_224' title='bbox 264 2656 325 2720; x_wconf 71' lang='lat' dir='ltr'>Qrae</span> <span class='ocrx_word' id='word_1_225' title='bbox 345 2669 425 2722; x_wconf 88' lang='lat' dir='ltr'>nupta</span> <span class='ocrx_word' id='word_1_226' title='bbox 444 2653 547 2707; x_wconf 82' lang='lat' dir='ltr'>AEmilio</span> <span class='ocrx_word' id='word_1_227' title='bbox 565 2653 665 2708; x_wconf 86' lang='lat' dir='ltr'>Paullo.</span> 
     </span>
     <span class='ocr_line' id='line_1_34' title="bbox 85 2722 973 2796; baseline 0.008 -21"><span class='ocrx_word' id='word_1_228' title='bbox 85 2723 148 2796; x_wconf 79' lang='lat'>169)</span> <span class='ocrx_word' id='word_1_229' title='bbox 167 2731 279 2780; x_wconf 69' lang='lat' dir='ltr'>inerret</span> <span class='ocrx_word' id='word_1_230' title='bbox 292 2725 438 2782; x_wconf 80' lang='lat' dir='ltr'>militares.</span> <span class='ocrx_word' id='word_1_231' title='bbox 463 2730 494 2780; x_wconf 85' lang='lat' dir='ltr'>lu</span> <span class='ocrx_word' id='word_1_232' title='bbox 508 2744 579 2781; x_wconf 90' lang='lat' dir='ltr'>usum</span> <span class='ocrx_word' id='word_1_233' title='bbox 599 2722 761 2780; x_wconf 78' lang='lat' dir='ltr'>tentoriorum</span> <span class='ocrx_word' id='word_1_234' title='bbox 780 2734 804 2780; x_wconf 75' lang='lat' dir='ltr'>de</span> <span class='ocrx_word' id='word_1_235' title='bbox 828 2741 973 2790; x_wconf 78' lang='lat' dir='ltr'>scutorum,</span> 
     </span>
    </p>

    <p class='ocr_par' dir='ltr' id='par_1_13' title="bbox 68 2795 465 2868">
     <span class='ocr_line' id='line_1_35' title="bbox 68 2795 465 2868; baseline 0 -15"><span class='ocrx_word' id='word_1_236' title='bbox 68 2796 150 2868; x_wconf 85' lang='lat'>(170)</span> <span class='ocrx_word' id='word_1_237' title='bbox 169 2795 293 2852; x_wconf 82' lang='lat' dir='ltr'>Modica.</span> <span class='ocrx_word' id='word_1_238' title='bbox 312 2805 465 2867; x_wconf 81' lang='lat' dir='ltr'>improcera.</span> 
     </span>
    </p>

    <p class='ocr_par' dir='ltr' id='par_1_14' title="bbox 65 2868 972 3017">
     <span class='ocr_line' id='line_1_36' title="bbox 65 2868 972 2949; baseline 0.009 -29"><span class='ocrx_word' id='word_1_239' title='bbox 65 2869 143 2941; x_wconf 83' lang='lat' dir='ltr'>(17i)</span> <span class='ocrx_word' id='word_1_240' title='bbox 161 2869 257 2922; x_wconf 83' lang='lat' dir='ltr'>Litora</span> <span class='ocrx_word' id='word_1_241' title='bbox 280 2872 372 2926; x_wconf 80' lang='lat' dir='ltr'>Oceani</span> <span class='ocrx_word' id='word_1_242' title='bbox 391 2868 560 2945; x_wconf 77' lang='lat' dir='ltr'>presidebat.</span> <span class='ocrx_word' id='word_1_243' title='bbox 585 2871 623 2925; x_wconf 75' lang='lat' dir='ltr'>stc</span> <span class='ocrx_word' id='word_1_244' title='bbox 641 2875 710 2929; x_wconf 86' lang='lat' dir='ltr'>Am·</span> <span class='ocrx_word' id='word_1_245' title='bbox 732 2891 758 2934; x_wconf 71' lang='lat'>3,</span> <span class='ocrx_word' id='word_1_246' title='bbox 776 2889 819 2936; x_wconf 82' lang='lat'>39·</span> <span class='ocrx_word' id='word_1_247' title='bbox 843 2877 869 2928; x_wconf 78' lang='lat' dir='ltr'>lt</span> <span class='ocrx_word' id='word_1_248' title='bbox 891 2872 972 2949; x_wconf 77' lang='lat' dir='ltr'>prexi-</span> 
     </span>
     <span class='ocr_line' id='line_1_37' title="bbox 97 2941 504 3017; baseline 0.012 -25"><span class='ocrx_word' id='word_1_249' title='bbox 97 2957 167 2998; x_wconf 86' lang='lat' dir='ltr'>mum</span> <span class='ocrx_word' id='word_1_250' title='bbox 183 2943 322 2997; x_wconf 76' lang='lat' dir='ltr'>exercitum</span> <span class='ocrx_word' id='word_1_251' title='bbox 335 2941 504 3017; x_wconf 75' lang='lat' dir='ltr'>presidebat.</span> 
     </span>
    </p>

    <p class='ocr_par' dir='ltr' id='par_1_15' title="bbox 5 3009 972 3089">
     <span class='ocr_line' id='line_1_38' title="bbox 5 3009 972 3089; baseline 0.006 -25"><span class='ocrx_word' id='word_1_252' title='bbox 5 3055 6 3064; x_wconf 71' lang='grc'>,</span> <span class='ocrx_word' id='word_1_253' title='bbox 65 3009 142 3084; x_wconf 85' lang='lat'>(172)</span> <span class='ocrx_word' id='word_1_254' title='bbox 161 3015 323 3089; x_wconf 76' lang='lat' dir='ltr'>Propraeteri.</span> <span class='ocrx_word' id='word_1_255' title='bbox 341 3021 501 3083; x_wconf 82' lang='lat' dir='ltr'>Propraetores</span> <span class='ocrx_word' id='word_1_256' title='bbox 519 3015 678 3080; x_wconf 81' lang='lat' dir='ltr'>dicebantur,</span> <span class='ocrx_word' id='word_1_257' title='bbox 689 3019 747 3084; x_wconf 72' lang='lat' dir='ltr'>‘qui</span> <span class='ocrx_word' id='word_1_258' title='bbox 765 3019 905 3085; x_wconf 87' lang='lat' dir='ltr'>provincias</span> <span class='ocrx_word' id='word_1_259' title='bbox 923 3019 972 3074; x_wconf 81' lang='lat' dir='ltr'>im.</span> 
     </span>
    </p>

    <p class='ocr_par' dir='ltr' id='par_1_16' title="bbox 5 3089 1059 3161">
     <span class='ocr_line' id='line_1_39' title="bbox 5 3089 1059 3161; baseline 0.01 -26"><span class='ocrx_word' id='word_1_260' title='bbox 5 3119 7 3124; x_wconf 35' lang='lat' dir='ltr'><strong>f</strong></span> <span class='ocrx_word' id='word_1_261' title='bbox 41 3131 43 3136; x_wconf 90' lang='lat'>.</span> <span class='ocrx_word' id='word_1_262' title='bbox 97 3089 232 3150; x_wconf 78' lang='lat' dir='ltr'>potatoris,</span> <span class='ocrx_word' id='word_1_263' title='bbox 250 3089 448 3156; x_wconf 72' lang='lat' dir='ltr'>abipsodeletii,</span> <span class='ocrx_word' id='word_1_264' title='bbox 466 3090 691 3156; x_wconf 85' lang='lat' dir='ltr'>administrabant,</span> <span class='ocrx_word' id='word_1_265' title='bbox 709 3107 870 3161; x_wconf 87' lang='lat' dir='ltr'>quacumque</span> <span class='ocrx_word' id='word_1_266' title='bbox 887 3105 970 3146; x_wconf 87' lang='lat' dir='ltr'>essent</span> <span class='ocrx_word' id='word_1_267' title='bbox 1058 3091 1059 3098; x_wconf 71' lang='grc'>’</span> 
     </span>
    </p>

    <p class='ocr_par' dir='ltr' id='par_1_17' title="bbox 95 3156 735 3226">
     <span class='ocr_line' id='line_1_40' title="bbox 95 3156 735 3226; baseline 0.013 -20"><span class='ocrx_word' id='word_1_268' title='bbox 95 3156 230 3226; x_wconf 80' lang='lat' dir='ltr'>dignitate.</span> <span class='ocrx_word' id='word_1_269' title='bbox 250 3162 310 3213; x_wconf 70' lang='lat' dir='ltr'>Vide</span> <span class='ocrx_word' id='word_1_270' title='bbox 327 3165 397 3217; x_wconf 84' lang='lat' dir='ltr'>Anu.</span> <span class='ocrx_word' id='word_1_271' title='bbox 413 3181 438 3223; x_wconf 89' lang='lat'>1,</span> <span class='ocrx_word' id='word_1_272' title='bbox 463 3173 507 3220; x_wconf 85' lang='lat'>7⁶.</span> <span class='ocrx_word' id='word_1_273' title='bbox 734 3186 735 3190; x_wconf 44' lang='lat'>¹</span> 
     </span>
    </p>

    <p class='ocr_par' dir='ltr' id='par_1_18' title="bbox 65 3226 966 3373">
     <span class='ocr_line' id='line_1_41' title="bbox 65 3226 966 3305; baseline 0.013 -25"><span class='ocrx_word' id='word_1_274' title='bbox 65 3226 142 3300; x_wconf 85' lang='lat'>(173)</span> <span class='ocrx_word' id='word_1_275' title='bbox 161 3227 272 3285; x_wconf 70' lang='lat' dir='ltr'>Alterius</span> <span class='ocrx_word' id='word_1_276' title='bbox 288 3252 374 3305; x_wconf 77' lang='lat' dir='ltr'>eques.</span> <span class='ocrx_word' id='word_1_277' title='bbox 393 3236 525 3300; x_wconf 87' lang='lat' dir='ltr'>Equitibus</span> <span class='ocrx_word' id='word_1_278' title='bbox 539 3235 684 3305; x_wconf 83' lang='lat' dir='ltr'>legionum,</span> <span class='ocrx_word' id='word_1_279' title='bbox 702 3235 745 3304; x_wconf 90' lang='lat' dir='ltr'>qul</span> <span class='ocrx_word' id='word_1_280' title='bbox 753 3235 865 3292; x_wconf 84' lang='lat' dir='ltr'>Romani</span> <span class='ocrx_word' id='word_1_281' title='bbox 878 3250 966 3305; x_wconf 74' lang='lat' dir='ltr'>erant,</span> 
     </span>
     <span class='ocr_line' id='line_1_42' title="bbox 96 3306 683 3373; baseline 0.009 -22"><span class='ocrx_word' id='word_1_282' title='bbox 96 3317 255 3368; x_wconf 89' lang='lat' dir='ltr'>opponuntur</span> <span class='ocrx_word' id='word_1_283' title='bbox 273 3306 342 3358; x_wconf 83' lang='lat' dir='ltr'>alarii</span> <span class='ocrx_word' id='word_1_284' title='bbox 359 3307 469 3373; x_wconf 86' lang='lat' dir='ltr'>equites,</span> <span class='ocrx_word' id='word_1_285' title='bbox 487 3309 528 3373; x_wconf 89' lang='lat' dir='ltr'>qui</span> <span class='ocrx_word' id='word_1_286' title='bbox 546 3325 578 3360; x_wconf 84' lang='lat' dir='ltr'>ex</span> <span class='ocrx_word' id='word_1_287' title='bbox 597 3308 683 3362; x_wconf 85' lang='lat' dir='ltr'>sociis.</span> 
     </span>
    </p>

    <p class='ocr_par' dir='ltr' id='par_1_19' title="bbox 65 3368 727 3448">
     <span class='ocr_line' id='line_1_43' title="bbox 65 3368 727 3448; baseline 0.008 -20"><span class='ocrx_word' id='word_1_288' title='bbox 65 3368 139 3444; x_wconf 83' lang='lat'>(174)</span> <span class='ocrx_word' id='word_1_289' title='bbox 157 3375 267 3448; x_wconf 63' lang='lat' dir='ltr'>insignes</span> <span class='ocrx_word' id='word_1_290' title='bbox 283 3379 535 3432; x_wconf 74' lang='lat' dir='ltr'>centurienet.&#39;vide</span> <span class='ocrx_word' id='word_1_291' title='bbox 553 3383 621 3432; x_wconf 87' lang='lat' dir='ltr'>Anu.</span> <span class='ocrx_word' id='word_1_292' title='bbox 640 3397 667 3443; x_wconf 87' lang='lat'>2,</span> <span class='ocrx_word' id='word_1_293' title='bbox 688 3397 727 3434; x_wconf 79' lang='lat' dir='ltr'>rt.</span> 
     </span>
    </p>

    <p class='ocr_par' dir='ltr' id='par_1_20' title="bbox 65 3444 733 3519">
     <span class='ocr_line' id='line_1_44' title="bbox 65 3444 733 3519; baseline 0.012 -19"><span class='ocrx_word' id='word_1_294' title='bbox 65 3444 132 3518; x_wconf 74' lang='lat'>(175)</span> <span class='ocrx_word' id='word_1_295' title='bbox 150 3450 234 3511; x_wconf 75' lang='lat' dir='ltr'>Arata</span> <span class='ocrx_word' id='word_1_296' title='bbox 252 3446 407 3508; x_wconf 80' lang='lat' dir='ltr'>clementie.</span> <span class='ocrx_word' id='word_1_297' title='bbox 427 3452 488 3510; x_wconf 84' lang='lat' dir='ltr'>Vide</span> <span class='ocrx_word' id='word_1_298' title='bbox 507 3452 539 3508; x_wconf 89' lang='lat' dir='ltr'>ad</span> <span class='ocrx_word' id='word_1_299' title='bbox 555 3455 624 3512; x_wconf 81' lang='lat' dir='ltr'>Anu.</span> <span class='ocrx_word' id='word_1_300' title='bbox 646 3469 670 3518; x_wconf 84' lang='lat'>1,</span> <span class='ocrx_word' id='word_1_301' title='bbox 691 3467 733 3519; x_wconf 74' lang='lat' dir='ltr'>re.</span> 
     </span>
    </p>
   </div>
   <div class='ocr_carea' id='block_1_3' title="bbox 0 0 1274 3948">
    <p class='ocr_par' dir='ltr' id='par_1_21' title="bbox 0 0 1274 3948">
     <span class='ocr_line' id='line_1_45' title="bbox 0 0 1274 3948; baseline 0 2"><span class='ocrx_word' id='word_1_302' title='bbox 0 0 1274 3948; x_wconf 95' lang='lat' dir='ltr'> </span> 
     </span>
    </p>
   </div>
  </div>
 </body>
</html>
