2474 3944
214 331 276 399 306
412 305 725 382 ANNALIUM
754 311 853 383 LIB.
879 311 942 386 VI.

323 574 392 650 An.
413 599 445 647 u.
467 599 498 647 c.
520 599 714 672 necamur.
735 575 817 646 AEn.
840 577 922 650 Can
948 601 1001 660 3⁴·

445 810 569 882 Phoenr'x
591 815 626 881 in
645 811 785 904 AEgypto
804 815 892 883 ossa.

267 1041 434 1116 XXVIII.
456 1040 567 1112 Paullo
588 1041 701 1128 Fabio,
723 1041 765 1111 L.
786 1041 921 1126 Vitellio
940 1041 1138 1124 consulibus,

209 1177 280 1254 post
300 1159 429 1255 longum
451 1161 633 1228 merlotum
654 1161 829 1244 ambitum,
859 1161 922 1228 avis
943 1157 1073 1230 Phoenix
1094 1159 1136 1225 in

208 1273 393 1371 AEgyptum
415 1277 522 1358 venit,
550 1277 743 1369 praebuitque
763 1275 927 1344 materiem
956 1274 1136 1343 dodissimis

209 1393 442 1483 indigenarum,
463 1390 499 1457 ἀ
520 1389 725 1471 Graecorum,
746 1392 846 1457 multa
866 1411 1018 1481 supereo
1039 1391 1136 1456 mba-

208 1507 281 1573 eulo
309 1505 499 1570 disserendi.
542 1501 596 1568 De
617 1505 725 1591 quibus
751 1523 947 1594 congruunt,
985 1505 1022 1574 dc
1042 1508 1135 1597 plura

208 1618 367 1712 ambigua,
387 1617 441 1685 sed
461 1615 590 1710 cognitu
611 1641 673 1684 non
694 1617 841 1700 absurda,
864 1640 1009 1707 promere
1035 1622 1136 1687 libet.

209 1737 336 1806 Sacrum
358 1733 423 1801 Soli
444 1733 475 1801 id
496 1733 630 1816 animal,
657 1733 768 1802 &ore
797 1757 833 1801 ac
854 1731 996 1800 distinctu
1018 1735 1134 1824 pinna·

209 1873 280 1920 mm
309 1851 462 1918 secteris
483 1849 584 1916 avibus
613 1850 794 1932 diversum,
830 1849 1048 1934 consentiunt,
1076 1853 1134 1942 qui

210 1965 343 2035 formam
364 1969 428 2049 ejus
448 1963 618 2032 definiere.
662 1965 715 2032 De
736 1987 867 2034 nurnero
887 1987 1038 2032 annorum
1060 1970 1134 2054 (⁶3)

212 2083 297 2152 varia
321 2083 500 2149 traduntur:
523 2083 655 2149 maxime
677 2081 857 2176 vulgatum,
885 2083 1129 2174 quingentorum

212 2197 362 2288 spatium:
385 2211 475 2276 sunt,
498 2198 551 2285 qui
565 2199 767 2282 adseverent,
790 2199 875 2264 misse
888 2197 1134 2290 quadringentos

210 2309 370 2400 sexaginta
395 2331 490 2376 unum
513 2303 647 2394 interjici
668 2319 756 2401 (⁶4);
776 2315 954 2404 prioresque
967 2314 1058 2380 alites
1068 2313 1132 2380 Se-

209 2425 340 2492 sostride
361 2424 511 2516 primum,
533 2443 604 2516 post
625 2423 772 2494 Amaside
792 2427 1032 2509 dominantibus,
1054 2427 1139 2494 dein

210 2536 411 2624 Ptolemaeo,
443 2540 556 2630 quiex
579 2541 801 2610 Macedonibus
822 2543 934 2609 tertius
956 2543 1129 2634 regnavit,
1222 2531 1223 2554 ¹

209 2657 442 2739 intinitatem,
478 2657 528 2750 cui
550 2655 727 2749 Heliopolis
755 2681 888 2742 nomen,
921 2659 1129 2742 advolavisse,

209 2773 310 2840 muto
332 2791 505 2842 ceterarum
527 2773 686 2841 volucrum
699 2775 868 2858 comitatu,
891 2795 1002 2841 novam
1015 2773 1127 2841 faciem

208 2884 407 2958 mirantium.
445 2889 506 2957 Sed
527 2891 693 2982 antiquitas
721 2891 844 2984 quidem
873 2889 1012 2959 obscura:
1041 2890 1127 2956 inter

94 3015 97 3020 '
208 2997 412 3070 Ptolemaeum
433 3027 470 3072 ac
478 3003 637 3075 Tiberium
659 3009 758 3074 minus
778 3009 902 3075 ducenti
924 3005 1125 3098 quinquagin-

207 3133 241 3185 ta
262 3117 334 3184 anni
355 3115 505 3186 suerunta
535 3124 617 3190 unde
638 3124 776 3190 nonnulli
796 3120 904 3192 salsum
925 3123 1006 3190 bunc
1027 3121 1124 3190 Phoe-

205 3235 325 3316 uicem,
347 3253 449 3324 neque
471 3227 608 3302 Arabum
631 3261 651 3304 e
673 3239 765 3308 terris
784 3239 964 3320 credidere,
986 3237 1126 3328 nihilque

203 3349 391 3432 usurpavisse
419 3371 458 3416 ex
480 3347 544 3430 his,
581 3373 651 3439 quae
672 3371 761 3421 vetus
787 3355 933 3420 memoria
962 3353 1117 3422 firmavit.

202 3451 355 3528 Confer
376 3463 497 3556 quippe.
511 3487 662 3536 annorum
684 3487 839 3552 numero,
873 3469 924 3536 ubi
945 3492 1027 3538 mors
1047 3492 1117 3562 pro-
