<?xml version="1.0" encoding="UTF-8"?>
<!DOCTYPE html PUBLIC "-//W3C//DTD XHTML 1.0 Transitional//EN"
    "http://www.w3.org/TR/xhtml1/DTD/xhtml1-transitional.dtd">
<html xmlns="http://www.w3.org/1999/xhtml" xml:lang="en" lang="en">
 <head>
  <title>
</title>
<meta http-equiv="Content-Type" content="text/html;charset=utf-8" />
  <meta name='ocr-system' content='tesseract 3.04.00' />
  <meta name='ocr-capabilities' content='ocr_page ocr_carea ocr_par ocr_line ocrx_word'/>
</head>
<body>
  <div class='ocr_page' id='page_1' title='image "./ccorneliitaciti00brotgoog_0361.png"; bbox 0 0 2474 3944; ppageno 0'>
   <div class='ocr_carea' id='block_1_1' title="bbox 241 291 965 390">
    <p class='ocr_par' dir='ltr' id='par_1_1' title="bbox 241 291 965 390">
     <span class='ocr_line' id='line_1_1' title="bbox 241 291 965 390; baseline -0.012 -16"><span class='ocrx_word' id='word_1_1' title='bbox 241 315 300 390; x_wconf 63' lang='grc' dir='ltr'>,οε</span> <span class='ocrx_word' id='word_1_2' title='bbox 442 291 751 369; x_wconf 72' lang='lat' dir='ltr'>annnorum</span> <span class='ocrx_word' id='word_1_3' title='bbox 781 295 878 366; x_wconf 76' lang='lat' dir='ltr'>nra.</span> <span class='ocrx_word' id='word_1_4' title='bbox 904 295 965 369; x_wconf 87' lang='lat' dir='ltr'>vr.</span> 
     </span>
    </p>
   </div>
   <div class='ocr_carea' id='block_1_2' title="bbox 225 445 1226 3542">
    <p class='ocr_par' dir='ltr' id='par_1_2' title="bbox 225 445 1226 3542">
     <span class='ocr_line' id='line_1_2' title="bbox 236 445 1154 539; baseline -0.013 -18"><span class='ocrx_word' id='word_1_5' title='bbox 236 476 291 522; x_wconf 86' lang='lat' dir='ltr'>cos</span> <span class='ocrx_word' id='word_1_6' title='bbox 312 449 384 519; x_wconf 88' lang='lat' dir='ltr'>dein</span> <span class='ocrx_word' id='word_1_7' title='bbox 406 447 536 516; x_wconf 79' lang='lat' dir='ltr'>Scaurus</span> <span class='ocrx_word' id='word_1_8' title='bbox 565 469 684 514; x_wconf 88' lang='lat' dir='ltr'>rursum</span> <span class='ocrx_word' id='word_1_9' title='bbox 705 447 893 536; x_wconf 88' lang='lat' dir='ltr'>postulatur,</span> <span class='ocrx_word' id='word_1_10' title='bbox 920 447 1049 539; x_wconf 85' lang='lat' dir='ltr'>insignis</span> <span class='ocrx_word' id='word_1_11' title='bbox 1071 445 1154 518; x_wconf 83' lang='lat' dir='ltr'>nobi.</span> 
     </span>
     <span class='ocr_line' id='line_1_3' title="bbox 242 561 1155 670; baseline -0.003 -33"><span class='ocrx_word' id='word_1_12' title='bbox 242 569 335 638; x_wconf 87' lang='lat' dir='ltr'>litate</span> <span class='ocrx_word' id='word_1_13' title='bbox 356 563 391 634; x_wconf 79' lang='lat' dir='ltr'>dt</span> <span class='ocrx_word' id='word_1_14' title='bbox 414 564 535 632; x_wconf 89' lang='lat' dir='ltr'>orandis</span> <span class='ocrx_word' id='word_1_15' title='bbox 555 563 670 645; x_wconf 69' lang='lat' dir='ltr'>causb,</span> <span class='ocrx_word' id='word_1_16' title='bbox 692 562 755 628; x_wconf 89' lang='lat' dir='ltr'>vita</span> <span class='ocrx_word' id='word_1_17' title='bbox 777 561 950 652; x_wconf 87' lang='lat' dir='ltr'>probrosus.</span> <span class='ocrx_word' id='word_1_18' title='bbox 971 562 1061 670; x_wconf 70' lang='lat' dir='ltr'>Nihil</span> <span class='ocrx_word' id='word_1_19' title='bbox 1074 566 1155 634; x_wconf 89' lang='lat' dir='ltr'>hunc</span> 
     </span>
     <span class='ocr_line' id='line_1_4' title="bbox 236 674 1153 764; baseline -0.001 -12"><span class='ocrx_word' id='word_1_20' title='bbox 236 680 519 764; x_wconf 83' lang='lat' dir='ltr'>amicitiaSejani,</span> <span class='ocrx_word' id='word_1_21' title='bbox 552 681 603 746; x_wconf 87' lang='lat' dir='ltr'>sed</span> <span class='ocrx_word' id='word_1_22' title='bbox 631 674 773 745; x_wconf 85' lang='lat' dir='ltr'>labefecit</span> <span class='ocrx_word' id='word_1_23' title='bbox 801 677 878 746; x_wconf 88' lang='lat' dir='ltr'>baud</span> <span class='ocrx_word' id='word_1_24' title='bbox 900 679 998 746; x_wconf 87' lang='lat' dir='ltr'>minus</span> <span class='ocrx_word' id='word_1_25' title='bbox 1020 681 1153 751; x_wconf 85' lang='lat' dir='ltr'>validum</span> 
     </span>
     <span class='ocr_line' id='line_1_5' title="bbox 236 794 1154 883; baseline -0.004 -15"><span class='ocrx_word' id='word_1_26' title='bbox 236 801 275 868; x_wconf 87' lang='lat' dir='ltr'>ad</span> <span class='ocrx_word' id='word_1_27' title='bbox 297 797 390 865; x_wconf 81' lang='lat' dir='ltr'>exitia</span> <span class='ocrx_word' id='word_1_28' title='bbox 412 795 571 864; x_wconf 76' lang='lat' dir='ltr'>Macronis</span> <span class='ocrx_word' id='word_1_29' title='bbox 593 795 715 876; x_wconf 89' lang='lat' dir='ltr'>odium,</span> <span class='ocrx_word' id='word_1_30' title='bbox 736 795 789 883; x_wconf 90' lang='lat' dir='ltr'>qui</span> <span class='ocrx_word' id='word_1_31' title='bbox 811 794 930 864; x_wconf 85' lang='lat' dir='ltr'>easdem</span> <span class='ocrx_word' id='word_1_32' title='bbox 945 815 1028 862; x_wconf 87' lang='lat' dir='ltr'>artes</span> <span class='ocrx_word' id='word_1_33' title='bbox 1049 799 1154 864; x_wconf 82' lang='lat' dir='ltr'>occul-</span> 
     </span>
     <span class='ocr_line' id='line_1_6' title="bbox 237 912 1152 1004; baseline -0.005 -21"><span class='ocrx_word' id='word_1_34' title='bbox 237 916 300 983; x_wconf 91' lang='lat' dir='ltr'>tius</span> <span class='ocrx_word' id='word_1_35' title='bbox 314 913 493 981; x_wconf 85' lang='lat' dir='ltr'>exercebat:</span> <span class='ocrx_word' id='word_1_36' title='bbox 516 912 730 1000; x_wconf 78' lang='lat' dir='ltr'>detuleratque</span> <span class='ocrx_word' id='word_1_37' title='bbox 744 927 957 1003; x_wconf 80' lang='lat' dir='ltr'>argumentum</span> <span class='ocrx_word' id='word_1_38' title='bbox 974 913 1152 1004; x_wconf 68' lang='lat' dir='ltr'>tragoedia,</span> 
     </span>
     <span class='ocr_line' id='line_1_7' title="bbox 235 1024 1152 1119; baseline -0.004 -21"><span class='ocrx_word' id='word_1_39' title='bbox 235 1029 379 1098; x_wconf 86' lang='lat' dir='ltr'>aScauro</span> <span class='ocrx_word' id='word_1_40' title='bbox 401 1029 543 1119; x_wconf 71' lang='lat' dir='ltr'>scriptae,</span> <span class='ocrx_word' id='word_1_41' title='bbox 564 1027 674 1094; x_wconf 78' lang='lat' dir='ltr'>&#39;additis</span> <span class='ocrx_word' id='word_1_42' title='bbox 697 1025 846 1108; x_wconf 86' lang='lat' dir='ltr'>versibus,</span> <span class='ocrx_word' id='word_1_43' title='bbox 862 1027 913 1116; x_wconf 90' lang='lat' dir='ltr'>qui</span> <span class='ocrx_word' id='word_1_44' title='bbox 934 1027 965 1092; x_wconf 90' lang='lat' dir='ltr'>in</span> <span class='ocrx_word' id='word_1_45' title='bbox 987 1024 1152 1095; x_wconf 76' lang='lat' dir='ltr'>Tiberium</span> 
     </span>
     <span class='ocr_line' id='line_1_8' title="bbox 237 1141 1153 1216; baseline -0.004 -2"><span class='ocrx_word' id='word_1_46' title='bbox 237 1145 450 1214; x_wconf 76' lang='lat' dir='ltr'>fledlerentur.</span> <span class='ocrx_word' id='word_1_47' title='bbox 482 1145 605 1214; x_wconf 87' lang='lat' dir='ltr'>Verum</span> <span class='ocrx_word' id='word_1_48' title='bbox 626 1143 663 1210; x_wconf 91' lang='lat' dir='ltr'>ab</span> <span class='ocrx_word' id='word_1_49' title='bbox 683 1141 812 1208; x_wconf 86' lang='lat' dir='ltr'>Servilio</span> <span class='ocrx_word' id='word_1_50' title='bbox 834 1141 869 1210; x_wconf 75' lang='grc' dir='ltr'>δε</span> <span class='ocrx_word' id='word_1_51' title='bbox 889 1141 1036 1211; x_wconf 89' lang='lat' dir='ltr'>Cornelio</span> <span class='ocrx_word' id='word_1_52' title='bbox 1056 1167 1153 1216; x_wconf 87' lang='lat' dir='ltr'>accu-</span> 
     </span>
     <span class='ocr_line' id='line_1_9' title="bbox 236 1259 1153 1346; baseline -0.005 -16"><span class='ocrx_word' id='word_1_53' title='bbox 236 1262 401 1343; x_wconf 88' lang='lat' dir='ltr'>satoribus,</span> <span class='ocrx_word' id='word_1_54' title='bbox 422 1259 607 1334; x_wconf 76' lang='lat' dir='ltr'>adulterium</span> <span class='ocrx_word' id='word_1_55' title='bbox 628 1262 750 1340; x_wconf 79' lang='lat' dir='ltr'>Liviae,</span> <span class='ocrx_word' id='word_1_56' title='bbox 778 1280 938 1346; x_wconf 80' lang='lat' dir='ltr'>magorum</span> <span class='ocrx_word' id='word_1_57' title='bbox 958 1279 1046 1328; x_wconf 78' lang='lat' dir='ltr'>sacro</span> <span class='ocrx_word' id='word_1_58' title='bbox 1067 1261 1153 1340; x_wconf 78' lang='lat' dir='ltr'>obie-</span> 
     </span>
     <span class='ocr_line' id='line_1_10' title="bbox 235 1372 1151 1462; baseline -0.001 -21"><span class='ocrx_word' id='word_1_59' title='bbox 235 1376 407 1452; x_wconf 72' lang='lat' dir='ltr'>ssabantur.</span> <span class='ocrx_word' id='word_1_60' title='bbox 437 1373 586 1453; x_wconf 84' lang='lat' dir='ltr'>Scaurus,</span> <span class='ocrx_word' id='word_1_61' title='bbox 609 1389 645 1436; x_wconf 94' lang='lat' dir='ltr'>ut</span> <span class='ocrx_word' id='word_1_62' title='bbox 666 1373 794 1462; x_wconf 80' lang='lat' dir='ltr'>dignum</span> <span class='ocrx_word' id='word_1_63' title='bbox 816 1373 972 1440; x_wconf 85' lang='lat' dir='ltr'>veteribus</span> <span class='ocrx_word' id='word_1_64' title='bbox 993 1372 1151 1456; x_wconf 82' lang='lat' dir='ltr'>AEmiliia,</span> 
     </span>
     <span class='ocr_line' id='line_1_11' title="bbox 234 1483 1152 1578; baseline 0.005 -24"><span class='ocrx_word' id='word_1_65' title='bbox 234 1489 459 1556; x_wconf 82' lang='lat' dir='ltr'>damnationem</span> <span class='ocrx_word' id='word_1_66' title='bbox 480 1487 602 1570; x_wconf 84' lang='lat' dir='ltr'>arrteit3</span> <span class='ocrx_word' id='word_1_67' title='bbox 633 1483 778 1550; x_wconf 82' lang='lat' dir='ltr'>hortante</span> <span class='ocrx_word' id='word_1_68' title='bbox 799 1485 916 1552; x_wconf 85' lang='lat' dir='ltr'>Sexitia</span> <span class='ocrx_word' id='word_1_69' title='bbox 939 1495 1009 1578; x_wconf 85' lang='lat'>(67)</span> <span class='ocrx_word' id='word_1_70' title='bbox 1037 1511 1152 1574; x_wconf 85' lang='lat' dir='ltr'>uxore,</span> 
     </span>
     <span class='ocr_line' id='line_1_12' title="bbox 233 1595 1031 1694; baseline -0.003 -24"><span class='ocrx_word' id='word_1_71' title='bbox 233 1625 303 1694; x_wconf 83' lang='lat' dir='ltr'>quae</span> <span class='ocrx_word' id='word_1_72' title='bbox 323 1601 555 1667; x_wconf 84' lang='lat' dir='ltr'>incitamentum</span> <span class='ocrx_word' id='word_1_73' title='bbox 576 1595 702 1680; x_wconf 85' lang='lat' dir='ltr'>mortis,</span> <span class='ocrx_word' id='word_1_74' title='bbox 724 1597 759 1666; x_wconf 78' lang='lat' dir='ltr'>dt</span> <span class='ocrx_word' id='word_1_75' title='bbox 780 1599 934 1690; x_wconf 87' lang='lat' dir='ltr'>particeps</span> <span class='ocrx_word' id='word_1_76' title='bbox 955 1599 1031 1668; x_wconf 87' lang='lat' dir='ltr'>fuit.</span> 
     </span>
     <span class='ocr_line' id='line_1_13' title="bbox 292 1711 1154 1811; baseline 0.002 -27"><span class='ocrx_word' id='word_1_77' title='bbox 292 1715 402 1784; x_wconf 86' lang='lat' dir='ltr'>XXX.</span> <span class='ocrx_word' id='word_1_78' title='bbox 433 1711 484 1782; x_wconf 92' lang='lat' dir='ltr'>Ac</span> <span class='ocrx_word' id='word_1_79' title='bbox 506 1733 609 1782; x_wconf 90' lang='lat' dir='ltr'>tamen</span> <span class='ocrx_word' id='word_1_80' title='bbox 632 1731 847 1811; x_wconf 71' lang='lat' dir='ltr'>accusatores,</span> <span class='ocrx_word' id='word_1_81' title='bbox 875 1718 900 1780; x_wconf 92' lang='lat' dir='ltr'>si</span> <span class='ocrx_word' id='word_1_82' title='bbox 920 1713 1049 1783; x_wconf 84' lang='lat' dir='ltr'>facultas</span> <span class='ocrx_word' id='word_1_83' title='bbox 1070 1719 1154 1786; x_wconf 81' lang='lat' dir='ltr'>inci·</span> 
     </span>
     <span class='ocr_line' id='line_1_14' title="bbox 235 1829 1226 1922; baseline -0.002 -20"><span class='ocrx_word' id='word_1_84' title='bbox 235 1835 346 1916; x_wconf 87' lang='lat' dir='ltr'>deret,</span> <span class='ocrx_word' id='word_1_85' title='bbox 370 1831 470 1922; x_wconf 83' lang='lat' dir='ltr'>poenis</span> <span class='ocrx_word' id='word_1_86' title='bbox 492 1829 721 1898; x_wconf 76' lang='lat' dir='ltr'>adiciebantur:</span> <span class='ocrx_word' id='word_1_87' title='bbox 744 1847 780 1896; x_wconf 93' lang='lat' dir='ltr'>ut</span> <span class='ocrx_word' id='word_1_88' title='bbox 801 1829 947 1898; x_wconf 84' lang='lat' dir='ltr'>Seruilius</span> <span class='ocrx_word' id='word_1_89' title='bbox 967 1829 1152 1902; x_wconf 85' lang='lat' dir='ltr'>Cornelius-</span> <span class='ocrx_word' id='word_1_90' title='bbox 1225 1831 1226 1834; x_wconf 62' lang='grc'>’</span> 
     </span>
     <span class='ocr_line' id='line_1_15' title="bbox 234 1943 1151 2041; baseline -0.007 -25"><span class='ocrx_word' id='word_1_91' title='bbox 234 1971 315 2041; x_wconf 83' lang='lat' dir='ltr'>que,</span> <span class='ocrx_word' id='word_1_92' title='bbox 345 1947 467 2037; x_wconf 88' lang='lat' dir='ltr'>perdito</span> <span class='ocrx_word' id='word_1_93' title='bbox 489 1947 602 2016; x_wconf 83' lang='lat' dir='ltr'>Scauro</span> <span class='ocrx_word' id='word_1_94' title='bbox 622 1943 748 2029; x_wconf 87' lang='lat' dir='ltr'>lamosi,</span> <span class='ocrx_word' id='word_1_95' title='bbox 771 1947 841 2036; x_wconf 87' lang='lat' dir='ltr'>quia</span> <span class='ocrx_word' id='word_1_96' title='bbox 862 1945 1023 2037; x_wconf 87' lang='lat' dir='ltr'>pecuniam</span> <span class='ocrx_word' id='word_1_97' title='bbox 1043 1949 1151 2020; x_wconf 79' lang='lat' dir='ltr'>aVa.</span> 
     </span>
     <span class='ocr_line' id='line_1_16' title="bbox 236 2062 1151 2154; baseline 0 -23"><span class='ocrx_word' id='word_1_98' title='bbox 236 2067 286 2132; x_wconf 88' lang='lat' dir='ltr'>rio</span> <span class='ocrx_word' id='word_1_99' title='bbox 300 2063 440 2154; x_wconf 84' lang='lat' dir='ltr'>Ligure,</span> <span class='ocrx_word' id='word_1_100' title='bbox 464 2062 644 2130; x_wconf 80' lang='lat' dir='ltr'>omittendae</span> <span class='ocrx_word' id='word_1_101' title='bbox 660 2062 840 2144; x_wconf 86' lang='lat' dir='ltr'>delationis,</span> <span class='ocrx_word' id='word_1_102' title='bbox 860 2079 1026 2153; x_wconf 86' lang='lat' dir='ltr'>ceperant,</span> <span class='ocrx_word' id='word_1_103' title='bbox 1048 2063 1080 2130; x_wconf 93' lang='lat' dir='ltr'>in</span> <span class='ocrx_word' id='word_1_104' title='bbox 1093 2065 1151 2132; x_wconf 91' lang='lat' dir='ltr'>in-</span> 
     </span>
     <span class='ocr_line' id='line_1_17' title="bbox 233 2177 1148 2269; baseline 0.002 -25"><span class='ocrx_word' id='word_1_105' title='bbox 233 2179 331 2259; x_wconf 87' lang='lat' dir='ltr'>sulas,</span> <span class='ocrx_word' id='word_1_106' title='bbox 354 2177 514 2243; x_wconf 71' lang='lat' dir='ltr'>interdidlo</span> <span class='ocrx_word' id='word_1_107' title='bbox 536 2178 601 2269; x_wconf 89' lang='lat' dir='ltr'>igni</span> <span class='ocrx_word' id='word_1_108' title='bbox 622 2195 716 2266; x_wconf 88' lang='lat' dir='ltr'>atque</span> <span class='ocrx_word' id='word_1_109' title='bbox 737 2201 831 2268; x_wconf 82' lang='lat' dir='ltr'>aqua,</span> <span class='ocrx_word' id='word_1_110' title='bbox 854 2179 970 2244; x_wconf 87' lang='lat' dir='ltr'>demoti</span> <span class='ocrx_word' id='word_1_111' title='bbox 989 2195 1081 2246; x_wconf 83' lang='lat' dir='ltr'>sunt:</span> <span class='ocrx_word' id='word_1_112' title='bbox 1109 2179 1148 2250; x_wconf 78' lang='lat' dir='ltr'>dt</span> 
     </span>
     <span class='ocr_line' id='line_1_18' title="bbox 232 2288 1147 2376; baseline 0.002 -16"><span class='ocrx_word' id='word_1_113' title='bbox 232 2288 372 2360; x_wconf 84' lang='lat' dir='ltr'>Abudius</span> <span class='ocrx_word' id='word_1_114' title='bbox 392 2290 498 2374; x_wconf 87' lang='lat' dir='ltr'>Ruso,</span> <span class='ocrx_word' id='word_1_115' title='bbox 519 2288 636 2359; x_wconf 68' lang='lat' dir='ltr'>fundus</span> <span class='ocrx_word' id='word_1_116' title='bbox 650 2293 820 2376; x_wconf 77' lang='lat' dir='ltr'>aedilitate,</span> <span class='ocrx_word' id='word_1_117' title='bbox 840 2293 1147 2362; x_wconf 70' lang='lat' dir='ltr'>dumLentuloGoe·</span> 
     </span>
     <span class='ocr_line' id='line_1_19' title="bbox 231 2405 1147 2498; baseline 0.004 -24"><span class='ocrx_word' id='word_1_118' title='bbox 231 2407 351 2489; x_wconf 74' lang='lat' dir='ltr'>aulico,</span> <span class='ocrx_word' id='word_1_119' title='bbox 369 2406 423 2472; x_wconf 85' lang='lat' dir='ltr'>sub</span> <span class='ocrx_word' id='word_1_120' title='bbox 445 2428 508 2496; x_wconf 88' lang='lat' dir='ltr'>quo</span> <span class='ocrx_word' id='word_1_121' title='bbox 529 2407 645 2498; x_wconf 89' lang='lat' dir='ltr'>legioni</span> <span class='ocrx_word' id='word_1_122' title='bbox 658 2405 843 2496; x_wconf 82' lang='lat' dir='ltr'>praefuerat,</span> <span class='ocrx_word' id='word_1_123' title='bbox 864 2409 1032 2496; x_wconf 83' lang='lat' dir='ltr'>periculum</span> <span class='ocrx_word' id='word_1_124' title='bbox 1045 2407 1147 2478; x_wconf 81' lang='lat' dir='ltr'>faces-</span> 
     </span>
     <span class='ocr_line' id='line_1_20' title="bbox 231 2519 1146 2612; baseline -0.001 -24"><span class='ocrx_word' id='word_1_125' title='bbox 231 2524 290 2606; x_wconf 88' lang='lat' dir='ltr'>sit,</span> <span class='ocrx_word' id='word_1_126' title='bbox 312 2524 394 2610; x_wconf 81' lang='lat' dir='ltr'>quod</span> <span class='ocrx_word' id='word_1_127' title='bbox 411 2526 440 2588; x_wconf 85' lang='lat' dir='ltr'>is</span> <span class='ocrx_word' id='word_1_128' title='bbox 461 2526 566 2610; x_wconf 74' lang='lat' dir='ltr'>sejani</span> <span class='ocrx_word' id='word_1_129' title='bbox 581 2519 684 2599; x_wconf 79' lang='lat' dir='ltr'>filium</span> <span class='ocrx_word' id='word_1_130' title='bbox 700 2543 842 2612; x_wconf 76' lang='lat' dir='ltr'>generum</span> <span class='ocrx_word' id='word_1_131' title='bbox 861 2523 1064 2608; x_wconf 74' lang='lat' dir='ltr'>destinasset,</span> <span class='ocrx_word' id='word_1_132' title='bbox 1093 2529 1146 2594; x_wconf 85' lang='lat' dir='ltr'>ul.</span> 
     </span>
     <span class='ocr_line' id='line_1_21' title="bbox 233 2633 1145 2730; baseline 0.003 -24"><span class='ocrx_word' id='word_1_133' title='bbox 233 2656 285 2706; x_wconf 92' lang='lat' dir='ltr'>tro</span> <span class='ocrx_word' id='word_1_134' title='bbox 307 2639 486 2721; x_wconf 86' lang='lat' dir='ltr'>damnetur,</span> <span class='ocrx_word' id='word_1_135' title='bbox 508 2655 601 2728; x_wconf 88' lang='lat' dir='ltr'>atque</span> <span class='ocrx_word' id='word_1_136' title='bbox 622 2633 713 2706; x_wconf 88' lang='lat' dir='ltr'>Urbe</span> <span class='ocrx_word' id='word_1_137' title='bbox 734 2637 888 2730; x_wconf 83' lang='lat' dir='ltr'>exigitur.</span> <span class='ocrx_word' id='word_1_138' title='bbox 909 2637 1085 2708; x_wconf 80' lang='lat' dir='ltr'>Gaetulicus</span> <span class='ocrx_word' id='word_1_139' title='bbox 1106 2665 1145 2718; x_wconf 82' lang='lat' dir='ltr'>ea</span> 
     </span>
     <span class='ocr_line' id='line_1_22' title="bbox 233 2751 1142 2846; baseline 0.009 -28"><span class='ocrx_word' id='word_1_140' title='bbox 233 2771 421 2844; x_wconf 84' lang='lat' dir='ltr'>tempestate</span> <span class='ocrx_word' id='word_1_141' title='bbox 443 2753 604 2844; x_wconf 87' lang='lat' dir='ltr'>superioris</span> <span class='ocrx_word' id='word_1_142' title='bbox 627 2751 804 2822; x_wconf 81' lang='lat' dir='ltr'>Germaniae</span> <span class='ocrx_word' id='word_1_143' title='bbox 827 2753 965 2846; x_wconf 85' lang='lat' dir='ltr'>legiones</span> <span class='ocrx_word' id='word_1_144' title='bbox 992 2758 1142 2842; x_wconf 89' lang='lat' dir='ltr'>curabat,</span> 
     </span>
     <span class='ocr_line' id='line_1_23' title="bbox 230 2867 1143 2960; baseline 0.001 -26"><span class='ocrx_word' id='word_1_145' title='bbox 230 2867 402 2960; x_wconf 86' lang='lat' dir='ltr'>mirumque</span> <span class='ocrx_word' id='word_1_146' title='bbox 424 2891 559 2938; x_wconf 88' lang='lat' dir='ltr'>amorem</span> <span class='ocrx_word' id='word_1_147' title='bbox 579 2869 737 2936; x_wconf 86' lang='lat' dir='ltr'>adsecutus</span> <span class='ocrx_word' id='word_1_148' title='bbox 757 2885 850 2953; x_wconf 89' lang='lat' dir='ltr'>erat,</span> <span class='ocrx_word' id='word_1_149' title='bbox 880 2870 983 2938; x_wconf 78' lang='lat' dir='ltr'>effusae</span> <span class='ocrx_word' id='word_1_150' title='bbox 1004 2874 1143 2940; x_wconf 71' lang='lat' dir='ltr'>clemen.</span> 
     </span>
     <span class='ocr_line' id='line_1_24' title="bbox 230 2981 1141 3079; baseline 0.002 -31"><span class='ocrx_word' id='word_1_151' title='bbox 230 2981 301 3065; x_wconf 81' lang='lat' dir='ltr'>tiae,</span> <span class='ocrx_word' id='word_1_152' title='bbox 322 2985 456 3050; x_wconf 85' lang='lat' dir='ltr'>modicus</span> <span class='ocrx_word' id='word_1_153' title='bbox 475 2985 658 3068; x_wconf 87' lang='lat' dir='ltr'>severitate,</span> <span class='ocrx_word' id='word_1_154' title='bbox 694 2985 730 3054; x_wconf 71' lang='grc' dir='ltr'>ἀ</span> <span class='ocrx_word' id='word_1_155' title='bbox 749 2987 889 3076; x_wconf 85' lang='lat' dir='ltr'>proximo</span> <span class='ocrx_word' id='word_1_156' title='bbox 909 3009 1029 3079; x_wconf 88' lang='lat' dir='ltr'>quoque</span> <span class='ocrx_word' id='word_1_157' title='bbox 1049 3009 1141 3055; x_wconf 80' lang='lat' dir='ltr'>exer.</span> 
     </span>
     <span class='ocr_line' id='line_1_25' title="bbox 229 3095 1138 3193; baseline 0.002 -27"><span class='ocrx_word' id='word_1_158' title='bbox 229 3097 333 3179; x_wconf 85' lang='lat' dir='ltr'>citui,</span> <span class='ocrx_word' id='word_1_159' title='bbox 362 3117 419 3187; x_wconf 89' lang='lat' dir='ltr'>per</span> <span class='ocrx_word' id='word_1_160' title='bbox 440 3097 480 3164; x_wconf 91' lang='lat' dir='ltr'>L.</span> <span class='ocrx_word' id='word_1_161' title='bbox 494 3095 670 3190; x_wconf 85' lang='lat' dir='ltr'>Apronium</span> <span class='ocrx_word' id='word_1_162' title='bbox 695 3123 853 3186; x_wconf 85' lang='lat' dir='ltr'>socerum,</span> <span class='ocrx_word' id='word_1_163' title='bbox 889 3125 950 3169; x_wconf 90' lang='lat' dir='ltr'>non</span> <span class='ocrx_word' id='word_1_164' title='bbox 977 3101 1138 3193; x_wconf 84' lang='lat' dir='ltr'>ingratus.</span> 
     </span>
     <span class='ocr_line' id='line_1_26' title="bbox 230 3199 1137 3297; baseline 0.008 -17"><span class='ocrx_word' id='word_1_165' title='bbox 230 3199 327 3280; x_wconf 84' lang='lat' dir='ltr'>Unde</span> <span class='ocrx_word' id='word_1_166' title='bbox 347 3209 425 3278; x_wconf 87' lang='lat' dir='ltr'>lama</span> <span class='ocrx_word' id='word_1_167' title='bbox 446 3232 605 3297; x_wconf 88' lang='lat' dir='ltr'>constans,</span> <span class='ocrx_word' id='word_1_168' title='bbox 640 3241 745 3284; x_wconf 88' lang='lat' dir='ltr'>ausum</span> <span class='ocrx_word' id='word_1_169' title='bbox 768 3221 895 3284; x_wconf 88' lang='lat' dir='ltr'>mittere</span> <span class='ocrx_word' id='word_1_170' title='bbox 920 3218 957 3285; x_wconf 91' lang='lat' dir='ltr'>ad</span> <span class='ocrx_word' id='word_1_171' title='bbox 979 3215 1137 3288; x_wconf 82' lang='lat' dir='ltr'>Caesarcm</span> 
     </span>
     <span class='ocr_line' id='line_1_27' title="bbox 226 3321 1136 3423; baseline 0.016 -38"><span class='ocrx_word' id='word_1_172' title='bbox 226 3321 351 3409; x_wconf 84' lang='lat' dir='ltr'>literas,</span> <span class='ocrx_word' id='word_1_173' title='bbox 385 3323 573 3412; x_wconf 73' lang='lat' dir='ltr'>adfinitatem</span> <span class='ocrx_word' id='word_1_174' title='bbox 595 3331 654 3398; x_wconf 83' lang='lat' dir='ltr'>sibi</span> <span class='ocrx_word' id='word_1_175' title='bbox 678 3355 745 3400; x_wconf 88' lang='lat' dir='ltr'>cum</span> <span class='ocrx_word' id='word_1_176' title='bbox 766 3341 878 3421; x_wconf 77' lang='lat' dir='ltr'>sejano</span> <span class='ocrx_word' id='word_1_177' title='bbox 904 3331 989 3401; x_wconf 76' lang='lat' dir='ltr'>baud</span> <span class='ocrx_word' id='word_1_178' title='bbox 1006 3351 1136 3423; x_wconf 81' lang='lat' dir='ltr'>sponte,</span> 
     </span>
     <span class='ocr_line' id='line_1_28' title="bbox 225 3437 1134 3542; baseline 0.002 -32"><span class='ocrx_word' id='word_1_179' title='bbox 225 3437 284 3502; x_wconf 71' lang='lat' dir='ltr'>ud</span> <span class='ocrx_word' id='word_1_180' title='bbox 299 3442 419 3518; x_wconf 71' lang='lat' dir='ltr'>consilto</span> <span class='ocrx_word' id='word_1_181' title='bbox 441 3442 555 3520; x_wconf 81' lang='lat' dir='ltr'>Tiberii</span> <span class='ocrx_word' id='word_1_182' title='bbox 575 3463 728 3537; x_wconf 76' lang='lat' dir='ltr'>cuprum.-</span> <span class='ocrx_word' id='word_1_183' title='bbox 753 3449 876 3542; x_wconf 81' lang='lat' dir='ltr'>perinde</span> <span class='ocrx_word' id='word_1_184' title='bbox 897 3472 948 3537; x_wconf 81' lang='lat' dir='ltr'>re,</span> <span class='ocrx_word' id='word_1_185' title='bbox 971 3473 1062 3542; x_wconf 79' lang='lat' dir='ltr'>quam</span> <span class='ocrx_word' id='word_1_186' title='bbox 1081 3453 1134 3526; x_wconf 74' lang='lat' dir='ltr'>Ti.</span> 
     </span>
    </p>
   </div>
   <div class='ocr_carea' id='block_1_3' title="bbox 0 0 1242 3944">
    <p class='ocr_par' dir='ltr' id='par_1_3' title="bbox 0 0 1242 3944">
     <span class='ocr_line' id='line_1_29' title="bbox 0 0 1242 3944; baseline 0 1"><span class='ocrx_word' id='word_1_187' title='bbox 0 0 1242 3944; x_wconf 95' lang='lat' dir='ltr'> </span> 
     </span>
    </p>
   </div>
  </div>
 </body>
</html>
