2446 3942
95 551 853 650 ¹tttttnutnntnn

277 778 492 849 LIBRI
552 775 792 842 PRIMI.

127 1025 154 1082 I.
177 1017 394 1079 Romanarum
425 1027 532 1074 rerum
564 1023 673 1074 status
702 1007 741 1072 ab
763 1007 844 1076 Urbe
874 1009 996 1076 condita

66 1133 112 1200 aci
125 1129 260 1216 Augusti
282 1146 461 1192 excessum.
484 1129 519 1188 V.
543 1125 689 1192 Tiberius
712 1131 879 1214 imperium
895 1127 997 1189 susci-

67 1253 144 1338 pit,
174 1241 283 1321 tctrde,
314 1239 357 1314 lys
383 1242 553 1328 cupidinem
581 1243 811 1308 dissimulans.
843 1245 945 1308 Roma
967 1242 999 1302 in

76 1361 247 1428 servitium
270 1359 350 1420 ruit.
372 1361 457 1422 XVI.
482 1361 678 1426 Pannonicas
700 1357 836 1448 legiones
859 1373 929 1446 tres
947 1375 996 1422 se·

74 1479 154 1544 litio
172 1476 285 1560 gravis
317 1475 465 1538 incessit.
493 1479 562 1555 Ea,
592 1479 695 1544 misso
719 1483 847 1556 Druso,
878 1469 998 1539 Tiberii

66 1591 160 1678 filio,
181 1611 264 1675 agre
284 1594 497 1677 componitur.
519 1597 645 1658 XXXI.
666 1594 752 1659 Idem
774 1596 809 1658 in
828 1590 999 1658 Germanis

74 1707 228 1794 inferiore
249 1722 373 1786 motus,
405 1711 459 1792 qui
480 1710 639 1798 consedit,
670 1729 729 1775 non
760 1712 829 1772 sine
851 1709 1000 1794 sanguini
1032 1735 1038 1748 ·

76 1822 119 1898 iffi
140 1821 235 1887 ende.
264 1829 304 1888 L·
326 1827 533 1888 Germanicus
555 1831 667 1906 Cesar
698 1829 730 1888 in
753 1823 876 1888 hostem
898 1822 1001 1886 ducit.-

76 1961 170 2024 eaque
184 1939 376 2024 expeditione
391 1942 519 2016 Marsi,
542 1937 718 2014 Tubantes,
741 1934 909 2014 Brulieri,
931 1934 1003 1996 Usi-

73 2073 164 2145 petes
187 2055 332 2130 vastati,
362 2069 416 2114 aut
438 2055 531 2116 taesi.
562 2059 652 2118 LIII.
666 2023 781 2141 Julia,
810 2052 945 2136 Augusti
960 2041 1005 2128 fi-

76 2172 145 2249 iia,
168 2165 276 2252 Rhegii
300 2169 399 2255 vitam
414 2163 529 2247 finite.
543 2172 625 2234 LIV.
647 2168 776 2235 sodales
799 2171 831 2232 in
853 2163 1005 2238 honorem

79 2285 234 2372 Augusti,
256 2280 298 2355 lp
319 2281 385 2347 ludi
399 2283 586 2369 Augustales
607 2287 768 2350 instituti.
791 2289 856 2350 LV.
871 2290 1004 2350 Germa.-

80 2405 169 2468 nicus
192 2402 308 2464 iterum
331 2394 469 2464 Rhenum
491 2405 707 2481 transmittit,
730 2405 763 2466 in
776 2407 888 2466 Cattos
903 2399 1005 2474 elusit:

80 2539 200 2606 agros,
222 2515 350 2593 domos,
373 2511 532 2597 homines,
554 2533 684 2596 vastat,
708 2521 797 2597 urit,
819 2515 929 2584 cedit:
951 2520 1008 2580 se·

79 2647 201 2726 gestem
223 2627 381 2702 obsidione,
402 2635 541 2708 Arminii
562 2631 696 2711 liberat.
719 2631 763 2696 ob
785 2631 849 2698 leae
871 2635 1007 2719 impera-

83 2767 139 2815 tor
162 2736 395 2811 consalutatus.
418 2754 508 2813 LIX.
524 2747 646 2816 Bellum
659 2737 766 2814 deinde
788 2752 820 2814 in
834 2744 1009 2814 Cheruscos

82 2880 223 2959 gestum.
253 2859 406 2944 Reliquia
428 2865 506 2927 Vari
527 2861 570 2938 lsi
599 2862 736 2929 militum
766 2862 866 2930 lello:
897 2880 1010 2954 supre-

87 3000 199 3064 maque
221 2981 265 3042 iis
288 2975 409 3042 soluta.
437 2983 563 3044 LXIII.
585 2983 717 3046 Romani
747 2984 779 3045 in
802 2981 923 3067 reditu,
953 2977 1012 3046 sub

88 3098 210 3162 cecina
232 3093 323 3174 duce,
353 3094 544 3180 periclitati.
576 3103 693 3162 Hostes
721 3114 824 3165 tamen
850 3113 1015 3187 prospera

89 3213 252 3297 eruptione
266 3209 358 3297 fusi,
373 3209 496 3298 fugati.
519 3217 660 3277 LXXII.
682 3217 866 3298 Maiestatis
889 3211 938 3276 lex
964 3229 1014 3274 re-

91 3323 198 3405 tutta,
220 3325 262 3400 iffi
282 3341 395 3414 aspere
422 3331 576 3417 exercita,
606 3311 754 3396 LXXVI.
777 3326 903 3391 Tiberis
925 3329 1014 3390 inun-

91 3442 163 3510 dat.
201 3447 366 3506 LXXVII.
388 3441 519 3513 Tientri
549 3446 675 3514 licentia
704 3444 863 3526 erumpit.-
893 3436 935 3514 iss
957 3455 1016 3524 per

171 3565 363 3628 C.Tnc.T.I.
486 3636 491 3646 ἱ
699 3551 731 3620 Α
