2538 3948
212 325 271 396 ³7⁶
474 299 529 374 IN
562 293 870 370 LIBRUMIV.

242 445 402 506 nestus'non
426 461 480 500 raro
505 445 610 496 litteram
636 439 649 496 l
670 449 761 494 temere
784 435 900 504 duplicari
917 433 942 484 in
961 432 1004 485 illo
1021 431 1125 500 codice,

241 539 270 576 ut
289 523 315 574 in
334 517 457 575 sillanus
482 533 526 582 pro
551 513 685 576 Silanus,
709 531 750 565 mc
762 507 809 564 liri
834 525 874 575 pro
895 503 980 560 moliri
998 513 1047 558 dte.
1120 572 1122 574 ,

207 594 271 672 (7⁹)
289 598 398 648 catena
416 585 545 650 rioilus,
559 598 687 662 perorame
696 583 744 658 fili
766 575 882 655 ,potem
901 583 1013 633 Paratur
1032 614 1040 630 .
1067 575 1122 628 Alii

240 669 331 737 legunt
349 669 457 719 Calena
473 658 580 717 vinciar
596 669 714 734 perorant
738 650 818 730 filio.
838 655 1014 724 Praeparetur.
1040 653 1123 701 Hunc

240 741 323 794 locum
342 737 385 791 alii
403 735 474 790 aliter
493 735 645 786 emendante
663 728 779 784 oninium
798 723 941 778 felicissime
952 729 1004 793 Jac.
1022 727 1122 776 Grono-

241 811 313 865 vius:
339 821 436 864 catena
454 803 563 862 vincius
576 817 667 880 pater,
682 811 775 856 orante
783 795 863 869 filio.
883 799 1046 868 Preparnus
1062 787 1122 846 adr-

240 883 335 938 lercenr
351 877 406 940 &n
425 881 470 934 Sed
489 889 512 932 er
530 893 607 944 supra
624 893 667 945 pro
685 868 791 929 indunt
807 880 885 925 runt:
910 863 943 922 ab
959 861 1050 919 exsilio
1067 857 1123 922 &n

242 955 328 1010 mallet
345 959 465 1008 Ernestus
482 947 607 1011 inducit,
624 943 754 1008 stabitne,
773 941 807 997 ab
823 939 902 996 exilio
919 935 976 998 &en

207 1027 273 1107 (eo)
294 1023 378 1082 Falsa
392 1024 562 1080 exterritum.
581 1029 670 1078 Graeca
688 1018 780 1072 locutio
798 1015 898 1072 Latinis
917 1011 981 1065 illius
999 1012 1047 1063 tevi
1066 1010 1126 1062 sori·

244 1099 354 1169 peoribus
370 1098 504 1164 frequens.

207 1172 269 1245 (81)
290 1168 376 1244 Robur
390 1167 425 1230 Θ
441 1189 550 1224 renum.
570 1165 674 1242 Robur,
699 1167 735 1220 ait
759 1168 869 1222 Festus,
888 1160 918 1214 in
933 1174 1029 1212 carcere
1047 1153 1068 1208 ir
1086 1149 1124 1206 l-

242 1263 305 1308 Wsr
323 1263 372 1320 quc
385 1243 560 1318 precipitatur
577 1237 752 1316 maleficorum
763 1251 864 1310 genter,
888 1227 958 1303 quod
978 1239 1040 1283 ante
1057 1224 1128 1279 arcis

242 1313 367 1372 robusteis
384 1313 592 1371 includebatur.
619 1319 720 1367 Sanum
738 1309 848 1376 intellige
867 1304 1032 1372 Tarpeium,
1059 1298 1127 1349 unde

243 1390 356 1452 damnati
365 1387 596 1456 precipitabantur.
616 1379 815 1438 Parricidarum
822 1389 927 1452 ponar.
948 1381 1004 1429 Lex
1022 1367 1125 1434 jubebat

242 1479 284 1514 eos
302 1463 326 1511 in
344 1460 455 1512 culleum
475 1458 558 1517 insui,
577 1465 600 1506 er
618 1457 757 1505 indumen
777 1450 920 1517 proximum
940 1445 1029 1506 dejici.

226 1531 272 1598 82)
291 1535 357 1584 Poct
372 1527 532 1584 damnatum
549 1522 697 1577 Libonem.
719 1523 781 1575 Vide
798 1525 865 1571 Ann.
887 1533 914 1582 a,
937 1533 980 1578 30.

206 1533 266 1675 ih)
284 1597 382 1653 Gallus
406 1596 534 1652 Asinius.
559 1601 628 1662 Lege
653 1609 710 1645 curn
735 1597 837 1642 Mureto
860 1604 920 1640 cum
945 1583 1045 1638 Gallus
1063 1584 1132 1640 An·-

240 1675 302 1728 nirn
320 1670 362 1724 vel
378 1685 436 1721 cunr
456 1671 562 1722 Ernesto
578 1681 623 1733 pro
639 1673 755 1718 censeret
772 1673 863 1728 repone
880 1667 1033 1712 censuerat.

227 1741 274 1816 84)
292 1743 431 1814 Arnorgum
448 1749 609 1812 reportatur.
627 1737 690 1790 Vide
708 1751 782 1800 supra
803 1752 845 1792 η.

208 1746 268 1892 llrj
287 1825 323 1871 Et
343 1809 415 1868 velut
432 1807 611 1865 eluiiantinm
629 1803 780 1862 verborum.
797 1809 831 1858 Et
850 1805 876 1854 in
894 1817 1010 1854 sermone
1029 1798 1133 1864 tardus,

244 1899 269 1944 dt
287 1891 398 1954 seipsum
416 1883 583 1952 praepediens.

212 1960 279 2035 (8⁶)
295 1955 334 2014 Ob
349 1973 404 2012 rem
415 1952 607 2028 jerdicandam.
633 1952 778 2008 Ledilonern
796 1949 903 2010 codicis,
928 1960 1003 2016 quarn
1028 1959 1131 1998 servant

245 2031 377 2087 Beroaldus
395 2037 418 2081 de
437 2027 514 2080 Aldus
532 2028 595 2080 male
604 2035 734 2078 mutarunt
750 2021 895 2076 recentiores
914 2020 939 2070 in
951 2016 1127 2090 judicatam.

229 2111 258 2166 87
294 2098 577 2160 Utrecrcli.Ann.2‚
601 2113 646 2156 27.

209 2106 255 2253 lie
293 2174 357 2249 gui
374 2183 471 2226 uterer
486 2169 574 2244 populi
599 2169 714 2242 Romani
731 2185 768 2221 rer
785 2179 953 2240 conopeium.
974 2169 1012 2216 Ita
1031 2163 1057 2213 in
1067 2164 1133 2215 Vul-

243 2249 309 2318 gatis
324 2247 411 2377 gnus
427 2243 506 2296 teste.
526 2243 712 2296 Freinshemius
730 2258 763 2293 ex
781 2246 851 2294 Ann.
874 2257 931 2301 r,z.
950 2237 1008 2305 legit
1026 2233 1073 2308 qui
1087 2251 1131 2287 ve-

243 2321 309 2373 teris
359 2333 381 2371 c.

212 2390 279 2468 (89)
299 2388 393 2444 Libero
409 2403 525 2460 egressu.
552 2367 652 2452 Qtttml
665 2389 692 2439 in
716 2398 789 2438 tanta
812 2401 893 2438 rerum
918 2383 1036 2437 varietate
1059 2377 1131 2431 liberi

244 2483 258 2517 e
276 2479 354 2516 tessus
371 2461 402 2514 ab
422 2475 473 2512 una
490 2479 514 2513 re
532 2460 558 2510 ln
576 2461 652 2512 a'liarn
671 2461 800 2511 darentur.

210 2481 276 2614 (9ο)
298 2529 410 2588 Deledia
425 2551 459 2585 ee
476 2529 516 2586 bic
533 2531 567 2590 ti
584 2530 728 2585 consociata
744 2531 807 2604 reip.
819 2525 927 2600 forma.
946 2530 987 2580 ita
1004 2524 1071 2576 dedit
1085 2528 1130 2578 Er-

245 2622 333 2662 nestes
351 2625 366 2660 e
383 2605 496 2674 vestigiis
513 2605 603 2658 codicis
619 2605 686 2657 Flot.
712 2603 739 2655 in
764 2619 814 2670 quo
839 2601 952 2652 scribitur
976 2596 1130 2652 conscientae

246 2679 315 2734 unde
333 2679 470 2732 Beroaldus
488 2677 547 2729 fecit
564 2675 729 2729 constituta:
749 2681 806 2746 Jac.
826 2671 977 2728 Gronovius
994 2669 1131 2723 concinna-

245 2763 293 2806 ta·
312 2752 454 2806 Laudanda
472 2751 586 2801 maxime
603 2749 764 2816 respublica,
783 2765 839 2816 quae
859 2743 888 2796 lit
911 2763 924 2796 e
941 2745 1017 2796 trium
1037 2739 1130 2793 forma·

245 2841 303 2876 rum
322 2823 394 2876 bonis
411 2820 509 2874 delediis
527 2831 551 2875 de
570 2823 596 2873 in
615 2832 697 2872 unum
716 2817 865 2874 consociatis
883 2813 1080 2878 &conjuretis

211 2895 274 2971 (9¹)
292 2899 390 2967 Neque
405 2893 508 2949 aliare
527 2896 673 2967 Romana,
698 2910 777 2964 quarn
800 2891 824 2945 si
848 2885 904 2948 &c
931 2893 1022 2942 Forma
1039 2901 1130 2952 nempe

162 3009 175 3026 c
247 2967 423 3040 Reipublicae,
440 2985 498 3034 quae
515 2984 585 3019 nunc
603 2979 658 3028 est,
677 2965 741 3017 nihil
759 2963 839 3016 differt
857 2981 872 3016 a
889 2978 990 3030 tegno,
1013 2959 1058 3010 nisi
1082 2973 1131 3008 no-

247 3040 332 3092 mine.
352 3037 403 3090 Alii
422 3040 511 3106 legunt
527 3055 612 3110 neque
630 3036 688 3092 alie
704 3053 788 3091 rerum
805 3033 859 3094 llic.

230 3109 278 3182 92)
298 3107 412 3166 Easdem
430 3111 523 3163 exitu.
543 3113 606 3176 Qrae
624 3111 742 3161 eumdem
761 3109 860 3162 exitum
879 3107 1001 3160 habeant.

224 3183 272 3256 ⁹3)
290 3187 329 3237 Ur
345 3181 427 3238 nimir
444 3197 477 3234 ea·
492 3183 629 3254 propinquo
646 3180 754 3235 diversa
770 3198 881 3254 angerem
898 3214 905 3231 .
931 3177 1026 3229 Eodem
1051 3191 1130 3230 sensu

246 3256 316 3309 Hist.
331 3271 357 3318 2,
378 3266 421 3315 ⁶4·
447 3259 485 3308 Ec
510 3253 626 3308 Triariae
650 3252 807 3316 licentiam,
833 3249 973 3306 modestum
989 3248 1129 3322 rproximc

243 3325 403 3396 reernplum,
421 3319 547 3380 onerabat
566 3322 681 3378 Galeria
698 3325 856 3396 imperatoris
873 3340 949 3376 uxor.
972 3340 975 3345 ’

211 3392 276 3460 (94)
286 3395 330 3474 ΙΜ
339 3394 510 3468 perniciabile
526 3413 581 3448 reo.
600 3399 676 3461 Quod
692 3395 909 3458 scilicetsejanom
930 3393 1030 3448 haberet
1043 3393 1127 3446 adver-

244 3479 358 3529 sanum,
386 3479 411 3526 ct
428 3470 496 3543 quod
521 3474 604 3540 Cesar
622 3469 685 3526 truci
703 3471 777 3526 vultu
800 3467 972 3527 defensionem
990 3467 1110 3534 acciperet
1118 3489 1129 3517 .-
