2474 3944
135 259 874 354 AN.U.C.DCCLXXXIXAER.CHR.3⁶.
936 295 998 354 3¹9

61 417 163 486 xiliis
187 419 307 502 missus,
327 420 403 486 duos
425 419 548 502 eolles,
576 441 652 510 quos
672 422 796 490 barbari
824 422 999 492 insederant

61 535 217 623 (nrinori
237 535 361 616 Cadra,
382 533 473 628 alteri
487 544 617 605 Dauara
636 559 750 606 nomen
771 545 839 628 est)
859 540 1001 632 operibus

61 651 299 718 circumdedit:
321 647 356 718 dt
378 669 540 742 erumpere
561 675 646 720 ausos
667 651 771 737 ferro,
792 671 912 722 ceteros
926 657 998 739 siti,

61 767 106 833 ad
144 767 339 834 deditionem
370 768 498 861 coegit.
527 767 577 838 At
606 767 795 852 Tiridates,
826 769 1000 838 volentibus

60 879 225 965 Parthis,
248 880 468 973 Nicephorium
488 883 797 969 &Anthemusiada‚
820 903 1000 977 ceterasque

62 999 182 1083 urbes,
198 1019 269 1089 quas
281 998 505 1070 Macedonibus
519 1003 605 1086 sita,
619 1001 734 1072 Graeca
748 1001 891 1071 vocabula
911 1019 999 1068 usur-

64 1129 181 1205 pant,
204 1114 440 1206 Halumque&
462 1113 672 1204 Artemitam,
695 1115 838 1188 Parthica
867 1116 999 1207 oppida,

64 1231 201 1322 recepit
208 1253 219 1318 3
242 1233 430 1302 certantibus
451 1235 582 1328 gaudio,
603 1237 658 1326 qui
679 1231 893 1314 Artabanum,
921 1231 998 1313 Scy-

68 1348 151 1414 thas
174 1347 258 1420 inter
279 1347 439 1434 eonem,
471 1351 509 1418 ob
530 1352 679 1420 sevitiam
701 1341 878 1432 exsecrati,
907 1348 1010 1416 oome'

71 1459 236 1530 Tiridatis
256 1463 414 1556 ingenium
422 1465 579 1536 Romanas
600 1489 657 1558 per
678 1484 761 1534 artes
775 1465 951 1556 sperabant.

133 1573 241 1647 XLII.
262 1576 433 1649 Plurimum
466 1583 647 1652 adulationis
664 1582 864 1652 Seleucenses
885 1579 1006 1648 indue--

66 1715 127 1782 te,
151 1694 260 1762 civitas
280 1713 411 1784 potens,
434 1717 520 1787 septa
540 1701 654 1779 muris,
676 1719 775 1786 neque
789 1697 821 1760 in
836 1695 994 1764 barbarum

66 1823 241 1900 corrupta,
262 1808 315 1874 sed
340 1810 508 1876 conditoris
530 1811 653 1878 Seleuci
675 1813 829 1878 retinens.
852 1806 994 1876 Trecen-

67 1931 117 2012 ti,
148 1923 253 2015 opibus
284 1939 338 1989 aut
362 1925 511 2014 sapientia
538 1923 672 2008 delesti,
700 1941 736 1990 ut
767 1938 911 1988 senatus:
940 1944 995 1990 sua

69 2043 190 2135 populo
212 2041 275 2120 vis,
297 2038 333 2106 dt
355 2041 498 2128 quotiens
520 2040 686 2107 concordes
700 2055 817 2132 agunt,
838 2036 993 2127 spernitur

68 2157 232 2227 Parthus:
264 2155 312 2220 ubi
335 2155 529 2240 dissensere,
559 2155 631 2222 dum
653 2155 706 2222 sibi
734 2145 858 2245 quisque
884 2168 992 2226 contra

69 2274 201 2340 aemulos
221 2269 384 2339 subsidium
407 2289 541 2357 vocant,
570 2273 683 2340 accitus
712 2273 744 2338 in
766 2287 907 2362 partem,
937 2268 993 2336 ad-

70 2409 197 2457 versum
220 2411 328 2456 omnes
351 2387 493 2457 valescit.
520 2389 557 2458 Id
580 2412 679 2480 nuper
700 2389 871 2469 acciderat,
892 2381 992 2454 Arta-

72 2507 152 2572 bano
174 2523 346 2596 regnante,
375 2506 429 2595 qui
457 2507 580 2598 plebem
602 2506 782 2597 pslmoribus
803 2501 929 2570 tradidit
951 2523 991 2568 er

71 2641 130 2686 suo
151 2639 222 2683 usu:
254 2641 325 2684 nam
353 2621 459 2708 populi
488 2623 651 2712 imperium
681 2625 766 2704 juxta
796 2617 990 2702 libertatem;

74 2754 238 2826 paucorum
260 2733 426 2803 dominatio
441 2737 537 2828 regiae
551 2737 667 2804 libidini
680 2735 805 2826 propior
818 2746 883 2798 est.
904 2727 989 2797 Tum

77 2853 294 2918 adventantem
301 2846 467 2917 Tiridaten
481 2851 638 2916 extollunt
652 2867 794 2916 veterum
808 2867 917 2936 regum
931 2844 988 2914 lro-

75 2967 211 3049 noribus,
234 2964 270 3034 dt
290 2987 366 3056 quos
379 2987 486 3033 recens
506 2981 581 3032 atas
603 2965 716 3058 largius
739 2963 876 3032 invenit:
898 2963 987 3030 simul

76 3059 181 3171 probra
215 3081 250 3149 in
278 3078 471 3152 Artabanum
500 3077 688 3164 fundebant,
724 3099 863 3150 materna
890 3082 1001 3166 origi..
1076 3064 1081 3075 ‘

76 3219 112 3264 ne
130 3205 220 3285 (oo),
248 3201 448 3282 Arsaciden,
477 3217 578 3268 cetera
603 3200 803 3286 degenerem.
830 3195 988 3262 Tiridates

82 3334 142 3380 rem
165 3311 379 3384 Seleucensem
410 3317 524 3408 populo
550 3313 731 3406 permittite
764 3336 836 3380 mon
864 3307 986 3378 consul-

80 3443 158 3512 tans,
182 3451 312 3526 quonam
341 3436 389 3504 die
411 3433 572 3502 sollemnia
602 3434 692 3521 regni
719 3428 918 3518 capesseret?
947 3425 984 3492 li-
