2432 3940
242 41 265 102 Ι

197 259 902 348 Ar.u.c.occux1x.1en.cun.1a
954 301 989 358 η

83 423 200 496 flumini
221 423 392 516 adpositum
413 395 564 506 odsideri,
589 441 642 490 sex
664 427 802 518 legiones
822 447 861 496 to
883 427 991 496 duxit.

81 545 190 634 Neque
210 541 287 612 Silio
306 539 346 606 ob
368 539 483 608 subitos
512 539 623 606 imbres
646 541 728 610 aliud
750 543 868 628 adum,
898 565 993 636 quam

81 677 114 726 ut
128 657 279 726 modicam
293 657 448 748 praedam,
473 653 507 724 dc
522 653 623 746 Arpi,
645 655 789 748 principis
803 658 990 746 Cattorum,

79 778 261 866 conjugem,
284 772 438 863 filiamque
461 790 602 862 raperet:
623 794 726 862 neque
740 771 991 865 Caesaricopiam

79 909 192 984 pugnae
212 891 382 958 obsessores
404 883 528 969 fecere,
556 887 594 954 ad
623 886 737 956 &mam
759 889 907 958 adventus
930 897 995 973 ejus

76 1005 199 1098 dilapsi.
237 1003 411 1072 Tumulum
434 1010 506 1088 (τό)
535 1021 638 1072 tamen
661 1026 760 1096 nuper
784 1004 927 1076 Varianis
944 1007 994 1088 Je-

77 1123 221 1216 gionibus
242 1117 409 1200 strutium,
431 1116 466 1186 dc
480 1137 618 1186 veterem
632 1143 717 1190 aram
733 1129 805 1210 (ιγ)
827 1119 931 1190 Druso
953 1125 994 1190 si·

75 1253 143 1306 tarn
166 1233 369 1318 disjecerant:
403 1233 541 1302 restituit
561 1259 670 1326 arom3
698 1235 872 1327 honorique
899 1237 997 1329 patris

77 1351 226 1443 princeps
247 1349 312 1440 ipse
333 1361 401 1418 cum
422 1347 593 1442 legionibus
605 1351 799 1422 decucurrit.
824 1351 994 1422 Tumuium

73 1471 193 1534 iterare
214 1461 294 1534 haud
317 1465 427 1532 vuum:
449 1465 485 1534 dt
505 1468 609 1536 cundia
632 1469 717 1540 inter
740 1469 903 1538 castellum
918 1469 992 1538 Ali-

72 1601 181 1650 sonem
202 1589 293 1671 (18),
315 1601 351 1650 ac
367 1579 534 1668 Rhenum,
564 1588 650 1658 nouis
671 1587 836 1670 limitibus,
865 1585 992 1681 oggeri-

73 1696 188 1788 busque
211 1697 400 1787 permunita.

134 1809 230 1882 VIII.
260 1811 387 1904 Jamque
408 1810 509 1882 classis
529 1812 717 1902 advenerat,
745 1839 816 1888 cum
838 1814 994 1908 praemisso

71 1943 270 2012 commeatu,
292 1929 327 1998 dt
349 1930 520 1998 distributis
542 1933 575 1998 in
598 1934 738 2023 legiones
766 1955 802 1998 ac
825 1933 919 1996 socios
941 1951 995 1996 na«

74 2043 426 2129 vibus,sossam(19),
455 2041 506 2110 cui
529 2027 694 2114 Drusianae
715 2063 846 2147 pomer,
876 2045 996 2139 ingres-

72 2181 148 2240 sus,
169 2174 374 2248 precatusque
388 2155 523 2226 Drusum
543 2173 684 2258 patrem,
706 2179 743 2230 at
763 2182 794 2230 rr
814 2161 918 2236 eadem
937 2183 995 2228 aa*

71 2295 163 2354 sum,
195 2271 292 2340 libens
308 2273 510 2362 placatosque
531 2281 667 2366 exemplo
693 2302 730 2346 ac
749 2281 903 2356 maneria
921 2295 993 2350 con·

73 2391 221 2458 siliarum
241 2407 335 2476 atque
354 2405 484 2479 operum
500 2389 654 2477 iuvaret:
676 2391 758 2464 lacus
770 2395 842 2466 inde
864 2403 937 2482 (ιο)
957 2393 993 2462 ὅ(

74 2505 257 2587 Oceanum,
277 2527 370 2596 usque
392 2501 431 2574 ad
451 2503 602 2578 Amisiam
625 2507 761 2595 flumen,
785 2509 916 2578 secunda
940 2529 993 2574 na·

75 2621 236 2711 rigatione
259 2608 454 2710 pervehitur}
490 2625 592 2694 classis
616 2622 745 2696 Amisiae
768 2623 872 2692 reliua
902 2633 994 2710 (21),

75 2737 156 2802 Iaevo
178 2752 287 2822 amne;
308 2751 504 2827 erratumque
526 2741 559 2810 in
580 2762 638 2822 eo,
660 2734 742 2834 quod
758 2765 821 2838 non
836 2735 993 2808 subrexit:

76 2853 261 2942 transposuit
282 2851 434 2934 militem,
462 2853 586 2924 dextras
609 2857 641 2922 in
663 2871 761 2930 terras
782 2851 920 2926 iturums
949 2859 994 2928 ita

76 2969 179 3058 plures
200 2965 264 3034 dies
286 2966 452 3036 efficiendis
476 2971 619 3060 pontibus
639 2970 804 3064 absumpti.
832 2973 876 3044 Et
897 2993 994 3066 eques

75 3084 200 3174 quidem
223 3103 260 3152 ac·
283 3083 423 3178 legiones
434 3087 533 3176 prima
555 3091 713 3174 aestuaria,
737 3089 870 3160 nondum
884 3093 995 3158 adcre-

76 3215 183 3266 scente
206 3197 305 3283 unda,
336 3201 483 3292 intrepidi
507 3205 673 3276 transiere:
695 3219 885 3300 postremum
908 3203 994 3268 auxi-

76 3314 189 3380 liorum
208 3337 340 3409 agmen,
362 3319 532 3412 Batavique
554 3321 585 3390 i'n
608 3339 698 3414 parte
720 3347 775 3406 ea,
804 3318 878 3388 dum
899 3316 995 3390 insul*

77 3443 149 3498 tant
171 3433 273 3520 aquis,
294 3453 456 3526 artemque
478 3433 570 3506 nandi
590 3455 771 3518 ostentant,
802 3435 935 3518 turbati,
958 3434 995 3502 dc
