2538 3948
292 261 597 342 ANNALIUM
627 261 806 343 NOTAE.
950 287 1010 350 235

131 406 175 468 Ar
191 429 246 466 eam
262 409 382 464 racionem
401 405 497 464 astima
509 404 582 464 binos
593 410 722 472 denarios,
739 427 803 480 quos
815 399 953 479 pretoriani
966 401 1013 460 ml·
1086 439 1089 446 .

132 485 191 539 lites
206 483 345 538 merebant:
372 481 411 534 his
428 482 497 534 enim
515 483 641 536 dertetum
664 481 744 538 fuerat
766 500 781 536 a
798 495 886 536 senatu
904 481 1014 548 duplum

130 555 304 625 stipendium,
321 555 340 609 i.
359 571 383 606 e.
402 549 494 622 viginti
509 570 590 614 assess
609 555 677 624 quod
695 553 1014 622 stipendiumtercenniur‚

130 629 194 680 dum
212 627 337 682 invidiose
353 641 405 677 rem
422 639 515 696 auget,
531 623 603 682 binos
620 623 733 680 denarios
750 627 871 694 appellat.

89 694 163 773 (ὑπ)
181 699 324 758 Praemium
343 693 452 771 pecunia
467 695 625 774 solveretur.
649 696 825 754 Constitutum
848 695 880 750 ab
896 701 1015 766 Auguste

129 773 214 826 fuerat
231 785 260 824 ur
278 769 445 838 praetorianis,
461 786 518 840 post
528 767 653 842 stipendia
664 766 809 834 sexdecim,
825 768 963 823 sestertium
975 770 1015 821 vi.

128 845 197 914 giuti
216 838 311 905 millia,
335 841 378 896 lib·
391 847 460 896 Tur·
480 859 560 904 2500·
579 847 681 908 ceteris,
698 858 755 912 post
773 841 862 897 vicena
875 839 1015 908 stipendia,

127 913 271 970 sestertium
289 909 420 970 duodecim
439 917 535 982 millia,
551 915 673 972 lib-Tur.
696 931 775 978 1500.
793 913 889 984 premii
906 913 961 966 loco
972 911 1016 966 da·

128 1001 231 1042 rentur.

89 1057 165 1134 (⁶2)
183 1063 331 1134 Corgrruut
346 1055 463 1134 cespites.
480 1061 598 1118 Solebam
615 1060 684 1116 enim
702 1079 716 1116 e
734 1054 806 1114 viridi
829 1051 922 1126 cespite
938 1049 1032 1122 eribo-t

89 1155 92 1160 ·
129 1132 175 1186 nal
193 1129 345 1218 imperatoris
361 1148 501 1190 exstruere.
521 1135 590 1190 Infra
605 1129 813 1209 properantibus,
832 1133 849 1186 i.
861 1148 884 1184 e.
897 1146 962 1196 opus
979 1127 1015 1180 fe-

129 1203 300 1332 qrinantqqus.
319 1205 428 1260 Malebat
444 1209 549 1276 Lipsius
563 1203 739 1282 spirantibus.
764 1205 812 1260 Sed
829 1203 894 1256 uihil
913 1213 1015 1255 mutan-

88 1329 91 1336 .
150 1293 194 1330 um
212 1293 238 1332 vr
256 1291 323 1332 etur.
601 1333 607 1340 ,

89 1342 143 1420 (⁶3
151 1345 164 1418 )
183 1345 641 1426 suamabr‘mprratorealrciscitis.
659 1346 836 1410 Deseiscebant
848 1342 935 1410 enim,
952 1339 1015 1428 dum

129 1419 239 1476 tribunal
260 1421 302 1479 alii
325 1441 403 1492 quam
427 1426 566 1493 imperatori
589 1425 765 1482 eusuuebantr
797 1441 857 1478 nam
881 1417 1016 1474 exstructio

127 1491 292 1564 ascensioque
308 1496 439 1550 tribunalis
454 1499 500 1552 soli
518 1499 659 1568 imperatori
674 1495 846 1564 competebat.

89 1557 162 1648 (⁶1²).
182 1567 368 1622 Penirmrr'am
377 1565 535 1628 adcelerare.
555 1572 639 1628 Occisi
650 1567 720 1626 enirn
732 1567 808 1640 legari
820 1559 946 1624 miseratio
955 1555 1015 1620 suba

129 1635 175 1688 rbrr
192 1635 371 1694 interfectores.

87 1703 143 1850 ἰός
180 1711 344 1766 Pervicacia.
363 1709 428 1766 Blesl
445 1711 602 1773 obsistentis.

110 1789 144 1830 ⁶⁶
179 1785 362 1854 Nauportum.
386 1787 581 1846 Tauriscoruru,
614 1787 660 1854 qui
682 1779 710 1838 in
732 1797 844 1838 extremo
866 1779 1013 1838 Noricorum

129 1865 208 1978 {1an
225 1852 341 1980 cqlonia,
363 1855 395 1906 ad
412 1856 524 1908 fluvium
547 1857 727 1926 cognominem
748 1857 811 1912 sira.
836 1856 920 1909 Hodie
941 1852 1014 1912 ober-

158 1942 176 1978 a
208 1939 238 1978 ac
260 1961 268 1978 .

91 1991 162 2152 (673
181 1988 354 2052 convellunt.
372 2002 395 2052 E
412 2011 491 2062 terra,
508 1995 550 2053 cul
568 1997 640 2070 infigi
657 1993 785 2059 solebant,
802 1991 934 2051 evellunt.

90 2071 145 2148 (⁶8
180 2065 337 2142 Pressuram
353 2083 510 2127 castrum.
529 2075 618 2137 Hujus
637 2072 733 2126 mentio
749 2071 867 2140 liequens
882 2068 930 2122 sub
948 2061 1015 2136 print
1041 2103 1046 2117 .

130 2135 244 2208 cipibus:
262 2159 338 2204 suum
356 2161 465 2212 queque
489 2143 553 2212 legio
577 2144 684 2206 habuit,
708 2144 730 2198 si
752 2142 855 2199 seorsim
879 2140 1013 2195 tendebat.

129 2213 171 2264 Ad
188 2213 258 2267 hunc
276 2215 393 2269 videntur
411 2213 557 2284 pertinuisse
575 2217 692 2285 pleraque
710 2215 817 2277 munia,-
833 2231 892 2282 quae
913 2213 1015 2268 fuerant

95 2333 99 2342 ,
128 2284 238 2358 praesui
255 2286 370 2342 fabrum.
389 2288 509 2345 Tribunis
526 2287 647 2358 dignitate
664 2289 803 2356 prestitisse
827 2281 909 2356 colligi
932 2297 1015 2356 potest
1032 2305 1035 2312 ⁴

128 2379 163 2416 ex
181 2361 251 2416 Hist.
270 2375 298 2423 2,
315 2379 359 2421 29·
378 2369 402 2418 dt
419 2377 452 2414 err
470 2359 519 2414 hoc
535 2361 596 2415 libro
615 2361 679 2418 infra
700 2372 743 2422 32.
786 2413 789 2422 ,

94 2430 161 2507 (69)
180 2441 260 2491 Vetus
277 2433 355 2508 operis
371 2451 402 2488 ac
420 2430 529 2488 laboris.
547 2439 691 2502 Expertus,
708 2434 896 2504 adsuetusque‚
921 2425 1013 2501 utqui

129 2505 175 2560 diu
193 2504 355 2574 manipularis
373 2501 517 2563 militasset.
543 2513 601 2562 Hoc
624 2521 701 2560 sensu
726 2521 778 2560 vox
803 2516 878 2558 vetur
896 2503 1014 2571 licquens
1077 2539 1080 2545 ,

128 2577 233 2630 occurrit
256 2579 324 2644 apud
341 2577 477 2632 Tacitum.
502 2574 541 2634 sic
559 2583 630 2632 Amr.
650 2588 678 2640 ⁶,
698 2591 740 2630 12.
765 2574 883 2630 Scieutr'ae
904 2573 1014 2628 caerimoa

130 2647 284 2720 alarumque
299 2660 389 2702 vaus.
408 2654 440 2704 Et
458 2653 545 2704 eodem
563 2652 623 2704 libro
641 2669 685 2712 44.
703 2659 784 2704 Vrtur
795 2644 935 2721 regnandi.
952 2652 1013 2703 Nou

131 2720 207 2788 igitur
223 2719 362 2776 audiendus
379 2722 529 2785 Beroaldus,
547 2725 591 2794 qui
607 2742 622 2776 e
638 2723 757 2793 scriptura
770 2719 860 2776 codicis
873 2717 947 2774 intur
960 2730 1014 2794 ope*

131 2791 186 2854 ris,
203 2791 294 2846 fecerat
308 2789 426 2846 invidus
442 2794 536 2856 operis.
704 2847 707 2854 ,

96 2859 163 2939 (70)
182 2860 238 2919 sibi
248 2864 312 2937 jam
327 2862 448 2918 miscent.
465 2867 583 2936 superte
595 2862 712 2922 Pichensr
727 2861 818 2922 vocula
830 2857 911 2939 jam,
930 2874 958 2918 u't
970 2874 1014 2918 sur

27 2934 29 2944 ’
133 2952 275 3005 pervacua,
292 2953 338 2990 nec
356 2953 389 2990 ex
406 2937 557 2994 Corneliana
575 2939 674 3007 phrasi.
699 2941 838 3008 malitque,
861 2933 912 2992 sibi
927 2935 1014 2992 immi·

131 3020 216 3066 scens.
235 3007 274 3064 Sic
287 3009 352 3062 libro
368 3011 483 3095 sequenti
503 3021 546 3073 ⁶3·
565 3016 611 3067 Ne
626 3011 727 3085 quietas
739 3009 884 3086 prouincias
897 3003 1014 3067 immisti

132 3077 282 3138 turbarent.
299 3085 332 3136 Et
348 3080 407 3134 alibr
424 3081 532 3150 saepius.
1013 3107 1017 3118 ·

99 3150 164 3235 (rr)
184 3167 311 3230 Quor...
328 3147 401 3208 baur
413 3166 492 3227 atque
502 3162 606 3219 armar.
623 3151 740 3215 solebant
752 3151 822 3230 enirn
837 3149 945 3227 prefecti
959 3163 1015 3220 pros

134 3221 273 3280 vinciacum
287 3225 395 3282 familias
408 3223 571 3298 gladiatorum
584 3230 649 3284 alere
660 3230 693 3284 ad
705 3231 846 3298 spellacula
853 3225 1011 3286 exhibenda.

13 3317 14 3324 ¹
100 3290 165 3372 (72)
183 3293 233 3352 Ubi
249 3295 357 3360 cadatur
371 3295 505 3372 ah'rcrrir.
524 3302 584 3367 Quo
600 3303 627 3356 in
643 3303 699 3358 loco
715 3304 821 3359 cadaver
836 3300 963 3366 abjectum
975 3313 1013 3354 re«

133 3369 235 3438 liqueris
252 3369 305 3426 siue
321 3373 462 3440 sepultura.

101 3439 164 3514 (73)
184 3439 348 3517 sepulturam
362 3443 497 3506 invium.
517 3452 579 3507 uera
596 3453 761 3511 &Germana
778 3461 831 3514 esse
844 3444 943 3506 uidetur
955 3449 1013 3506 seri·
