2446 3942
258 297 296 372 ,ᾳ
477 268 782 340 nnnnnnom
810 269 909 337 nin.
931 275 972 341 1„

257 443 368 516 prensa
392 444 485 486 manu
506 423 590 500 ejus,
618 439 676 505 per
696 418 830 505 speciem
852 423 1043 509 exosculandi,
1065 430 1124 496 inse.

255 551 384 604 ruerunt
405 537 538 626 digitos,
562 548 596 598 ut
619 551 713 598 vacua
735 533 877 600 dentibus
890 559 942 604 ora
956 543 1127 635 contingeret:

251 649 304 716 alii
327 669 457 716 curvate
487 651 570 713 senio
599 651 735 714 membra
765 652 975 719 ostendebant.
1001 651 1135 724 Adsisten·

252 781 321 830 tem
343 768 542 844 concionem,
564 765 636 856 quio
659 767 814 854 permixta
837 768 1007 852 videbatur,
1030 773 1139 842 discede-

252 907 290 952 re
312 888 346 949 in
367 881 540 970 manipulos
562 881 662 962 jubet:
686 886 732 947 sic
746 882 854 948 melius
868 886 1023 953 audituros
1035 905 1144 975 respon-

254 1021 343 1066 sum:
365 1000 479 1066 uexilla
498 998 669 1084 praeferri,
700 1015 735 1064 ut
757 999 793 1064 id
811 1000 922 1067 saltem
945 1009 1029 1087 (107)
1048 991 1148 1070 discer-

253 1133 342 1182 neret
364 1113 521 1184 cobortes.
545 1109 652 1179 Tarde
674 1115 943 1203 obtemperavere.
965 1113 1049 1184 Tunc
1069 1141 1086 1183 a
1106 1143 1151 1185 oc-

257 1239 414 1302 tteratione
434 1233 563 1315 Augusti
591 1249 676 1293 orsus
697 1238 809 1315 (108),
839 1232 928 1298 flexit
955 1233 998 1298 ad
1019 1235 1156 1301 villerias

255 1347 491 1434 triumphosque
513 1342 650 1424 Tiberii,
673 1344 836 1431 praecipuis
857 1347 994 1412 laudibus
1005 1350 1159 1428 celebrans,

256 1485 324 1549 quae
344 1461 428 1550 apud
444 1462 630 1525 Germanias
651 1457 730 1548 illis¹
747 1479 815 1524 cum
837 1457 1005 1546 legionibus
1029 1463 1166 1549 pulcher-

255 1581 340 1643 rima
366 1576 513 1662 fecisset.
541 1575 644 1641 Italiae
673 1572 745 1637 inde
772 1595 971 1656 consensum,
999 1579 1169 1644 Galliarum

249 1690 343 1774 fidem
364 1691 506 1777 extollit;
529 1690 577 1755 nil
596 1709 727 1775 usquam
747 1688 904 1756 turbidum
925 1707 980 1756 aut
1000 1693 1143 1758 discors.

300 1806 458 1876 ·XXXV·
481 1807 615 1874 Silentio
636 1805 722 1886 haes,
746 1805 797 1870 vel
819 1827 976 1872 murmure
991 1806 1112 1872 modico
1125 1831 1181 1872 au·
1219 1845 1222 1902 5

254 1924 320 1990 dita
344 1941 431 1990 sunt.
457 1919 510 1991 Ut
531 1922 716 1988 seditionem
738 1921 865 2012 attigit,
887 1922 940 1992 ubi
954 1923 1105 1988 orodestia
1120 1926 1180 1989 mi-

254 2041 389 2107 litaris?
413 2039 463 2104 ubi
485 2043 603 2106 veteris
625 2039 796 2125 disciplinae
818 2038 932 2104 meus?
962 2039 1097 2124 quonam
1122 2042 1186 2104 tri-

256 2154 380 2220 bunos?
411 2176 471 2237 quo
492 2158 687 2219 centuriones
715 2157 913 2239 exegissent?
941 2156 1096 2246 rogitans:
1130 2177 1188 2218 nu-

256 2271 333 2335 dant
362 2267 494 2333 unirersi
525 2281 672 2353 corpora,
708 2272 868 2333 cicatrices
904 2291 941 2333 es·
979 2269 1193 2348 vulneribus,

257 2384 425 2453 verberum
449 2400 559 2460 notas,
582 2381 786 2468 exprobrant3
808 2401 878 2446 nrox
900 2382 1077 2448 indiscretis
1102 2385 1199 2451 voci-

257 2503 330 2584 bus,
349 2501 456 2588 pretia
477 2500 673 2564 occasionum
695 2504 808 2580 (109),
830 2501 992 2582 angustias
1015 2500 1201 2586 stipendii,

258 2620 410 2684 duritiam
432 2631 578 2702 operum,
607 2637 643 2678 ac
665 2611 798 2702 propriis
827 2613 997 2678 nominibus
1019 2615 1205 2692 incusant,

255 2733 397 2816 vallum,
420 2733 548 2828 fossas,
573 2728 698 2817 pabuli,
721 2733 881 2814 materiae,
911 2729 1068 2816 lignorum
1094 2733 1206 2815 (κιο)

258 2851 423 2934 adgestus,
444 2846 480 2914 bt
501 2849 527 2910 si
548 2867 607 2938 quo
630 2847 688 2912 aliu
710 2867 749 2910 ex
771 2845 972 2925 necessitate,
996 2864 1049 2910 aut
1076 2845 1211 2912 adver-

259 2983 307 3027 sus
337 2964 434 3029 otium
465 2970 562 3064 (ln)
592 2979 761 3028 castrorum
789 2977 986 3052 quaeruntur.
1016 2956 1217 3027 Atroci-ssi-

260 3097 327 3146 mus
356 3095 572 3144 veteranorum
604 3079 722 3154 clamor
752 3079 924 3157 oriebatur,
961 3075 1013 3164 qui
1044 3077 1216 3151 tricena,

259 3211 314 3262 aut
337 3214 445 3281 supra,
468 3193 619 3279 stipendio
635 3211 851 3274 numerantes,
874 3193 1045 3259 mederetur
1064 3193 1221 3280 fessis,

259 3332 317 3377 neu
347 3327 478 3377 mortem
498 3312 540 3372 -in
571 3309 680 3374 iisdem
711 3308 889 3389 laboribus,
919 3306 975 3374 sed
994 3303 1095 3389 finem
1132 3323 1179 3370 ta

259 3429 402 3498 exercite
424 3427 564 3510 militie,
595 3445 690 3512 reque
713 3429 831 3512 inopem
854 3428 1011 3511 requiem,
1040 3425 1202 3490 orabant

935 3577 939 3588 ·
1030 3539 1144 3610 Fuere
