2446 3942
194 297 912 383 Auuouccnxvtnmncnn.14.
971 281 1010 378 23

94 475 164 526 tum
193 461 235 524 ad
254 460 411 524 Caesarem
434 455 584 543 ferenda,
613 455 673 520 ait:
703 478 795 543 neque
821 476 947 528 ueteres
976 455 1015 524 ab

91 574 336 674 imperatoribus
356 575 498 662 priscis,
520 563 723 658 neque'ipsos
743 596 763 636 a
783 577 854 642 diuo
876 585 1013 664 Augusto

89 709 158 756 tam
181 714 263 758 noua
281 694 452 778 petivisse:
475 689 518 762 lat
529 703 643 774 parum
655 691 689 752 in
709 705 846 779 tempore
866 695 1013 780 incipien-

88 823 138 872 tes
156 811 314 896 principis
336 809 430 872 iuras
452 807 596 869 onerari.
619 808 655 870 si
677 821 779 870 tamen
800 806 959 872 tenmrent
980 811 1013 872 in
1053 811 1057 820 '

85 940 162 1011 pace
182 907 327 1002 tentare,
350 943 419 1006 que
443 941 479 984 ne
500 919 641 992 civilium
663 919 785 1003 quidem
800 921 951 988 bellorum
966 925 1014 988 vi·

87 1038 192 1104 tiores
214 1037 482 1126 expostulaverint
489 1057 501 1118 ‚-
523 1057 579 1102 tur
600 1052 713 1102 contra
734 1058 851 1104 morem
866 1036 1014 1128 obsequii,

85 1171 202 1220 contra
217 1153 273 1237 fas
295 1149 482 1240 discipline,
506 1155 571 1216 oim
585 1152 797 1219 meditentur?
820 1154 1014 1220 &cernerent

85 1271 229 1354 legatos,
252 1291 343 1354 seque
362 1288 465 1334 eoram
486 1267 634 1333 mandata
654 1269 781 1334 darent.
804 1265 1013 1336 Adclamave-

47 1439 49 1446 ,
87 1403 124 1447 re
130 1432 142 1464 ,
170 1400 207 1448 ut
221 1380 314 1464 filius
335 1383 450 1464 Blaesi,
480 1382 647 1464 tribunus,
677 1383 828 1472 legatione
848 1407 884 1452 ea
899 1383 1009 1472 junge-

83 1515 193 1579 retur,
211 1515 392 1587 peteretque
412 1499 568 1566 militibus
590 1505 769 1568 missionem
791 1501 829 1568 ab
857 1502 1008 1569 sexdecim

82 1617 194 1679 annis.-
215 1633 318 1683 cetera
339 1615 564 1698 mandaturos,
587 1615 638 1684 uli
648 1622 756 1704 prima
767 1622 1007 1706 provenissent.

81 1722 222 1796 Proseilo
244 1735 374 1813 iuuene,
397 1733 550 1800 modicum
573 1733 688 1798 otium:
711 1731 763 1798 sed
779 1733 934 1824 superbire
949 1733 1008 1798 sni-

81 1846 146 1926 les,
166 1847 246 1938 quod
270 1847 348 1912 filius
370 1847 487 1940 legati,
509 1865 615 1913 orator
637 1847 766 1936 publica
789 1867 905 1925 causae,
938 1845 1010 1910 satis
1047 1919 1051 1926 ¹

32 2000 36 2019 t
80 1963 279 2044 ostenderet,
309 1965 491 2026 necessitate
521 1979 683 2088 expressa,
720 1979 791 2052 quae
819 1979 876 2050 per
904 1958 1009 2024 mode
1023 2039 1026 2046 Ι

78 2077 173 2142 stiam
198 2101 261 2142 non
285 2059 502 2140 obtinuissent.

139 2189 219 2256 XX.
233 2189 359 2256 Interea
382 2190 548 2280 manipuli,
570 2207 645 2257 ante
664 2205 800 2282 creptam
823 2193 1004 2260 seditionem

78 2305 274 2396 Nauportum
298 2314 368 2395 (66)
391 2309 489 2388 missi,
520 2309 557 2374 ob
585 2307 714 2391 itinera,
745 2308 780 2376 ὅ(
809 2332 937 2400 pontes,
968 2308 1004 2376 ὅ(

78 2424 153 2488 alios
175 2445 263 2506 usus,
286 2403 445 2514 postquam
467 2425 623 2491 turbatum
645 2426 676 2490 in
699 2426 806 2492 castris
836 2445 1003 2514 accepere,

79 2525 191 2605 vexilla
214 2539 391 2606 convellunt
414 2548 500 2629 (67):
532 2542 720 2634 direptisque
741 2541 888 2632 proximis
911 2540 1001 2624 vicis,

78 2656 208 2744 ipsoque
231 2651 407 2741 Nauporto,
438 2659 517 2748 quod
540 2659 699 2748 municipii
721 2659 817 2722 instar
839 2672 1002 2738 erat,·re-

79 2757 218 2836 sinentes
246 2769 440 2836 centuriones
467 2773 559 2838 inrisu
581 2773 616 2840 bt
638 2773 850 2854 contumeliis,
881 2789 999 2862 postte·

79 2907 127 2952 mo
150 2885 326 2952 verberibus
347 2885 547 2954 insellantur:
572 2890 726 2980 praecipua
748 2889 781 2953 in
801 2873 999 2958 Aufidienum

79 2997 219 3084 Rufum,
242 2999 422 3092 praefelium
444 3021 612 3072 castrorum
635 3013 723 3093 (⁶8),
746 3005 809 3090 ira,
830 3029 920 3100 quem
942 3007 999 3072 de-

80 3135 200 3206 reptum
223 3118 383 3202 vehiculo,
401 3121 529 3210 'sarcitis
550 3139 699 3215 gravant,
721 3142 876 3216 aguntque
897 3121 1000 3211 primo

79 3232 109 3296 in
132 3236 272 3324 agmine,
295 3261 352 3328 per
374 3239 537 3307 ludibrium
560 3245 747 3336 rogitantes,
777 3269 817 3308 an
847 3259 914 3306 tam
935 3243 998 3306 im-

79 3369 184 3416 mensu
212 3375 323 3436 onera,
353 3375 419 3422 tam
447 3358 539 3446 longa
565 3366 681 3428 itinera
710 3357 841 3426 libenter
866 3353 996 3439 feren?

80 3469 205 3562 Quippe
228 3467 328 3538 Rusus
350 3475 401 3542 diu
415 3477 630 3567 manipularis,
653 3477 727 3542 dein
742 3469 902 3554 centurio,
925 3490 998 3534 mox
1054 3458 1056 3462 ’

638 3591 704 3666 Bt
