2538 3948
365 305 670 387 ANNALIUM
700 311 880 388 NOTAE.
1024 343 1082 398 crs

172 449 239 529 (39)
259 451 349 529 Atque
367 452 433 516 bars,
451 471 542 522 nempe
559 456 653 514 Livia,
671 473 749 524 quam
768 457 843 512 modo
859 455 996 526 appellavit
1014 491 1022 508 .
1039 457 1087 510 sed

207 543 264 597 quae
287 539 426 597 sequuntur
447 527 567 587 Seianum
592 530 676 614 potius
699 530 834 596 respiciunt
856 547 934 599 quam
959 529 1086 584 Liviam.

206 605 327 654 Ernestus
351 612 410 652 cum
428 599 539 652 Acidalio
555 599 616 670 legst
634 599 729 674 Adque
743 597 810 663 tac,
833 603 852 655 i.
871 620 895 655 e.
913 611 937 656 te
955 615 1087 670 praterea,

208 673 265 726 insu
285 681 327 724 er.

170 741 238 818 (40)
259 689 402 818 §grippum
420 779 428 796 .
444 781 453 797 .
468 781 476 796 .
490 781 498 797 .
510 744 637 820 proximi.
656 748 708 812 Qui
726 747 865 818 Agrippinas
883 745 954 800 inser
971 746 1084 802 intimos

206 831 292 878 erant,
310 829 338 867 ut
356 816 419 868 dixit
438 827 525 882 supra.

169 885 235 960 (41)
252 893 286 943 irs
304 885 422 941 insulam
440 891 599 963 Amorgum.
619 893 686 956 Quo
702 905 756 946 una
773 909 788 946 e
805 891 974 960 Cycladibus.
1040 929 1047 946 .

172 959 237 1034 (42)
258 963 343 1015 Pares
361 961 540 1032 Sempronius.
560 963 701 1018 VideAnn.
713 984 737 1027 ι,
748 978 790 1027 53.

171 1031 239 1106 (⁴3)
260 1029 383 1089 Sordidus
400 1049 510 1087 merces.
529 1041 613 1097 Nam,
637 1051 665 1089 ut
683 1039 717 1090 ait
735 1039 821 1091 Cicero
843 1039 874 1090 de
891 1037 979 1091 officiis
1000 1046 1088 1097 1444.

207 1109 387 1167 Mercatura,
404 1105 430 1158 si
447 1106 536 1160 renuis
552 1119 609 1170 sss,
627 1106 732 1165 sordida
746 1107 869 1184 paranda
885 1122 943 1164 ess.
1072 1169 1075 1176 Ι

169 1175 235 1251 (44)
255 1175 384 1232 Paternis
400 1174 544 1234 aduersis.
568 1185 602 1234 Et
625 1179 695 1234 ilium
719 1195 822 1250 paterna
838 1179 967 1236 calamitas
990 1179 1018 1232 in
1034 1177 1088 1234 exi-

119 1279 122 1286 ·
205 1251 271 1302 tium
290 1250 423 1304 traxisset.
1042 1277 1047 1284 ·

168 1321 201 1394 (4
206 1319 236 1445 Ις)
251 1324 331 1390 Iussu
348 1321 413 1395 regis
430 1319 618 1379 Mithridatis·
636 1325 855 1383 Videciceronem
873 1343 917 1396 pro
934 1329 988 1396 lege
1005 1324 1089 1380 Mani·

216 1411 239 1446 ra
259 1403 285 1453 7.

183 1477 215 1524 4⁶
249 1472 357 1520 Orcum.
374 1471 417 1521 Er
435 1473 558 1522 Oscorum
576 1486 652 1540 gente
671 1471 785 1527 Romam
803 1473 971 1527 translatum.
1001 1505 1007 1519 .

167 1463 232 1611 (47)
251 1539 408 1594 Censorium
424 1537 531 1612 sursus.
559 1549 599 1596 De
624 1548 733 1598 censorio
757 1543 845 1598 fitnere
863 1547 944 1598 multa
961 1543 1090 1610 disputant

205 1611 364 1678 interpretest
384 1613 483 1665 videtur
501 1605 694 1682 intelligendum
712 1617 795 1670 funus
817 1632 877 1669 cum
896 1635 928 1670 eo
951 1625 1094 1684 apparatu,¹

202 1684 247 1752 qui
266 1683 293 1734 in
310 1683 399 1736 funere
416 1687 524 1736 censoris
540 1688 700 1740 adhibebatur
717 1724 725 1740 .
749 1694 824 1741 Porro
850 1689 876 1739 in
894 1705 948 1749 eo,
972 1701 1000 1738 ut
1017 1699 1090 1740 notat

202 1754 347 1817 Polybius,
369 1755 514 1805 circumfusi
539 1769 621 1807 vestes
639 1759 771 1824 gestabant
790 1775 951 1825 purpureas,
979 1775 1038 1810 cum
1062 1759 1092 1812 itt

204 1823 315 1875 consulis
338 1837 382 1875 aut
399 1824 508 1891 proteris
526 1823 614 1876 funere
632 1827 757 1893 praetextis
768 1841 1020 1882 rantumuterentur.
1039 1833 1089 1880 Pu-

204 1895 297 1948 blicum
317 1893 394 1946 fimus
412 1893 489 1947 fiebat
507 1896 616 1962 pecunia
633 1897 747 1963 publicas
766 1899 833 1949 unde
851 1913 927 1949 omne
944 1899 1089 1953 censorium

208 1965 289 2019 fimus
307 1966 433 2034 publicum
450 1979 526 2034 erat,·
551 1972 593 2021 sed
617 1985 668 2020 non
693 1983 769 2021 onsne
793 1967 936 2038 pubiicum,
961 1977 985 2022 ἀ
1003 1987 1089 2022 censo-

204 2041 268 2092 rium
288 2037 356 2102 fuit,
375 2040 439 2107 quod
459 2039 560 2092 videtur
578 2039 799 2094 honoratissimum
819 2039 912 2094 fuisses
933 2041 1013 2094 funus
1031 2057 1088 2093 cen-

203 2113 298 2167 sorium
316 2110 454 2164 decernitur
471 2111 578 2166 Claudio
595 2113 756 2180 imperatori,
774 2117 844 2166 Ann.
865 2131 908 2175 ις,
927 2130 954 2166 ι.
973 2119 997 2166 ὰ
1017 2113 1088 2182 Hist.

204 2202 233 2246 4,
251 2199 296 2244 47·
314 2182 532 2238 FlaviusSabinus
551 2185 704 2252 imperatoris
721 2185 798 2240 stater
815 2187 928 2240 censorio
945 2185 1033 2240 funere
1050 2183 1089 2238 eu

202 2256 301 2309 fertur.
1077 2265 1083 2302 t

166 2325 234 2404 (48)
253 2331 425 2384 Procurator.
449 2334 617 2385 Procuratores
641 2329 668 2385 in
694 2333 829 2402 provinciis
846 2331 1018 2395 dicebantur,
1042 2331 1089 2400 qui

203 2403 235 2454 ab
252 2400 400 2468 imperatore
417 2403 487 2456 missi
505 2412 543 2457 res
563 2406 640 2472 ipsius
658 2407 840 2473 procurabant,
855 2407 943 2476 iusque
961 2403 1091 2459 habebant·

206 2474 233 2526 in
250 2475 349 2527 servitia
367 2483 391 2528 de
410 2477 526 2541 pecunias
544 2478 665 2532 Casaris.
684 2486 725 2533 De
744 2481 773 2533 iis
791 2479 989 2538 vidennnas,
1007 2487 1052 2530 60.

164 2545 235 2623 (49)
254 2547 369 2620 figitque
380 2559 471 2620 grates
488 2554 578 2604 Nero.
597 2545 741 2606 Germanici
759 2551 866 2603 filiorum
885 2549 1029 2612 maximus,
1045 2539 1092 2613 qui

204 2617 322 2670 nimirum
342 2635 385 2685 pro
402 2623 468 2672 Asiae
487 2621 631 2676 civitatibus
655 2624 731 2675 verba
755 2621 878 2674 faciebat.
905 2625 946 2673 Ita
970 2619 1035 2673 Nem
1052 2636 1089 2670 se-

203 2691 283 2742 decim
301 2702 382 2741 annos
400 2701 478 2743 natus
502 2705 603 2746 cansam
629 2687 760 2746 Iliensium
785 2695 910 2759 suscepit,
933 2705 965 2746 ur
989 2688 1088 2746 erudiit

169 2785 173 2794 ι
207 2759 318 2816 honestis
334 2755 368 2820 (15
384 2759 542 2832 eloquentia
555 2763 641 2838 gloria
658 2767 907 2826 ramatensium
928 2779 971 2825 η,
991 2765 1034 2822 58·

170 2831 239 2907 (50)
257 2829 452 2905 confarreatis.
473 2838 524 2899 Qui
542 2837 741 2890 conmucatione
758 2838 945 2892 matrimonium
966 2835 1088 2887 inissent.

204 2901 305 2959 Tribus
319 2903 405 2960 *modis
421 2907 495 2982 opud
510 2919 612 2962 veresas
623 2907 856 3034 nupriaefrianrt
874 2923 938 2973 usu,
955 2912 981 2964 si
993 2903 1089 2961 mulier
1148 2930 1152 2937 1

204 2979 275 3034 ariao
298 2987 350 3031 uno
372 2991 431 3031 cum
455 2980 535 3042 uiro,
560 2976 621 3034 licor
646 2981 703 3036 sint·
737 2980 847 3056 igibus,
864 2979 981 3056 fuissrss
1009 2979 1088 3046 farre,

203 3062 264 3106 rum
284 3059 330 3122 prr
349 3050 497 3124 pontificem
528 3053 674 3108 maximam
705 3048 739 3114 to
762 3053 863 3112 dialem
877 3055 1023 3127 flaminem
1043 3063 1089 3128 per

198 3120 287 3198 fruges
304 3117 338 3180 Θ
354 3120 452 3178 molam
468 3121 566 3178 salsam
588 3125 836 3200 conjungebantur,
862 3127 932 3184 undo
948 3124 1088 3179 confarrea-

167 3219 172 3230 ·
205 3196 241 3248 tio
257 3191 417 3268 appellatur:
437 3191 597 3265 coemptione
622 3207 682 3254 voro
699 3199 830 3272 usquein
847 3215 958 3255 manum
974 3205 1087 3252 sonoru-

206 3268 296 3331 sione,
319 3284 377 3322 cum
396 3259 446 3324 ilia
464 3270 494 3330 irs
503 3266 575 3342 filia
591 3267 693 3336 iocum,
711 3273 825 3328 maritus
843 3273 874 3327 irs
890 3272 974 3346 putris
996 3270 1087 3324 omic-

203 3337 270 3400 bat›
287 3351 319 3393 us
335 3340 360 3394 si
377 3339 435 3413 quis
454 3341 523 3416 prior
545 3341 691 3418 defussiius
708 3357 800 3408 rues,
824 3341 906 3400 iocum
931 3340 1087 3400 hereditarie

200 3409 309 3479 jussum
324 3409 403 3468 alrsri
412 3409 530 3486 faceret.
549 3421 612 3471 Haec
631 3419 744 3472 servius.
762 3423 795 3473 irs
813 3418 893 3471 sacris
911 3451 922 3479 ‚
940 3417 1024 3483 inquit
1038 3415 1086 3482 Pit·

205 3481 371 3550 ²3⁰51822·
395 3483 469 3548 nibil
489 3484 635 3565 religiosius
658 3481 874 3563 confermaribuis
892 3485 1020 3552 virtulo,
1044 3493 1087 3555 no-

611 3569 786 3648 »rim
