2432 3940
200 240 892 325 AN.U.c.DcCLxx1.AER.'cHu.1n
959 283 1018 338 115

57 459 74 466 *a
102 405 194 486 ravi,
221 398 384 470 avunculus
405 397 594 493 Augustus,
627 425 699 470 avus
721 400 883 474 Antonius
910 424 1022 489 erant,

102 541 273 615 magnaque
302 519 368 584 illic
396 516 500 609 imago
520 517 656 584 tristium
679 519 900 614 latorumque.
931 522 1022 590 Hine

99 655 230 708 uentum
254 630 417 718 Athenas,
441 631 616 725 foederique
639 631 730 700 sociae
758 637 794 704 dt
816 657 946 708 vetustte
967 661 1020 706 ur.

96 755 146 822 bit
169 752 296 838 dotum,
319 769 358 818 ut
381 773 444 817 uno
467 751 572 820 lidore
599 765 744 818 uteretur
773 759 889 840 (ιη).
918 755 1021 824 Exce.

99 891 179 963 pere
198 867 307 940 Graeci
329 865 547 964 quaesitissimis
560 866 750 950 honoribus,
772 885 879 935 vetera
901 889 1021 938 suorum

98 984 180 1054 sada
200 985 342 1076 didaque
365 978 566 1074 preferentes
585 991 699 1072 (143),
727 1007 790 1075 quo
818 985 887 1074 plus
914 984 1023 1078 digua·

97 1101 199 1171 tionis
221 1099 358 1168 adulatio
382 1097 528 1168 haberet.
918 1091 923 1098 ’

169 1215 266 1287 LIV·
296 1209 401 1284 Petita
415 1218 417 1222 ’
431 1215 503 1282 inde
526 1215 671 1299 Euboea,
701 1215 836 1284 tramisit
864 1215 1023 1300 Lesbum,

102 1329 157 1400 ubi
181 1327 357 1424 Agrippina
378 1331 540 1400 novissimo
561 1349 652 1424 partu
673 1332 787 1419 Iuliam
810 1333 935 1402 edidit:
957 1352 1024 1400 tunr

102 1462 245 1516 extrema
254 1443 341 1514 Asiae
348 1495 359 1530 ‚
381 1445 627 1541 Perinthumque
648 1471 683 1516 ac
691 1449 896 1534 Byzantium,
919 1445 1025 1516 Thra-

99 1561 162 1634 cias
184 1563 293 1646 urbes,
314 1583 386 1631 mox
408 1559 606 1657 Propontidis
624 1567 802 1659 augustias,
826 1568 861 1636 dc
884 1589 918 1634 os
938 1563 1022 1634 Pon·
1118 1621 1127 1639 ,

101 1678 196 1748 ticum
211 1679 333 1764 intrat,
357 1680 501 1773 cupidine
522 1699 646 1776 veteres
669 1683 772 1766 locos,
793 1681 915 1750 &farno
938 1682 1023 1750 cele·

101 1795 205 1862 brutos
227 1797 394 1864 noscendi:
417 1794 595 1887 pariterque
617 1795 788 1888 provincias
808 1795 939 1864 internis
953 1819 1024 1863 cer-

102 1909 285 1996 terminibus,
320 1929 375 1978 aut
407 1911 643 2002 magistratuum
672 1911 790 1992 injuriis
823 1908 915 1976 fessas
943 1907 1024 1976 refo-

101 2027 210 2098 vebat:
241 2023 337 2116 atque
366 2023 478 2105 illum,
507 2025 539 2089 in
569 2043 708 2115 regressu
736 2044 829 2091 sacra·
849 2020 1026 2090 Samothra·

102 2163 178 2210 cum
199 2146 294 2228 (144)
318 2139 415 2209 visere
445 2125 619 2222 nitentem,
643 2138 723 2206 obvii
745 2139 903 2230 aquilones
926 2137 1025 2236 depu-

104 2255 196 2324 lere.
222 2254 325 2348 Igitur
346 2253 423 2340 llio,
446 2275 576 2349 quaeque
597 2253 637 2321 ibi
646 2257 797 2324 varietate
812 2255 946 2324 fortunae
955 2247 1025 2341 f&

103 2370 203 2442 nostri
225 2371 345 2464 origine
367 2370 561 2455 veneranda,
583 2373 696 2466 relegit
705 2369 812 2441 Asiam
833 2379 946 2465 (145),
967 2341 1024 2463 'ip-

103 2486 257 2581 pellitque
279 2485 496 2578 Colophona,
526 2505 561 2555 ut
591 2487 692 2557 Clarii
711 2488 868 2581 Apollinis
896 2489 1022 2556 oraculo

106 2617 251 2698 uteretur
259 2590 275 2670 .“
290 2605 362 2672 Non
384 2603 499 2674 semina
519 2606 610 2689 illic,
629 2625 665 2674 ut
687 2605 766 2698 apud
789 2601 949 2695 Delphos,
972 2601 1025 2670 sed

104 2716 205 2786 certis
228 2716 409 2802 e'familiis,
431 2719 465 2790 δε
487 2715 585 2788 ferme
594 2720 714 2790 Mileto
736 2723 851 2790 accitus
873 2717 1025 2801 sacerdos,

108 2854 278 2904 numerum
297 2831 391 2902 modo
404 2835 820 2906 consultantium&nomina
833 2813 934 2906 audit:
956 2851 1025 2904 tum
1061 2895 1065 2902 .

108 2949 141 3018 in
164 2969 289 3042 specum
298 2948 474 3045 degressus,
498 2953 602 3020 hausta
610 2948 813 3024 fontisarcani
824 2975 921 3048 aqua,
936 2951 1024 3046 lgna*

104 3084 162 3134 rua
184 3066 370 3160 plenumque
393 3068 554 3140 literarum
577 3079 669 3160 (14⁶)
689 3071 725 3140 dt
746 3073 915 3142 carminum
924 3057 936 3152 ‚¹
958 3065 1025 3133 edit

52 3176 56 3187 ’
106 3187 411 3273 responsauersims‘,
433 3186 609 3280 compositio
631 3211 724 3282 super
747 3188 856 3272 relus,
877 3180 1026 3276 quosquis

112 3313 219 3364 menta
237 3305 396 3394 concepit:
416 3303 455 3371 dc
475 3303 647 3390 serebatur,
670 3304 859 3381 Germanico
883 3317 940 3393 per
958 3317 1026 3366 am·

112 3410 223 3504 bages,
244 3425 364 3486 armos
385 3423 532 3508 oraculis,
554 3441 712 3513 maturum
725 3418 852 3492 exitium
866 3413 1028 3488 cecinisse.

662 3532 740 3600 Ha·
