2432 3940
157 281 234 357 att.
243 275 603 354 U.-c.DCCLXV111.
612 277 706 350 AER.
715 279 894 368 CHR.15.
955 309 991 360 σι

74 434 155 519 rat,
184 415 400 519 Caesaremque
420 431 599 524 Caligulam
628 431 779 519 appellari
803 437 904 503 velit.
935 443 996 506 Po-

73 561 189 621 tiorem
204 557 275 638 jam
296 551 380 640 apud
399 552 556 616 exercitus
580 551 807 634 Agrippinam,
836 577 929 640 quam
950 556 996 622 ιι.

69 689 184 759 gatos,
207 691 299 756 quam
319 667 429 734 ¹dures:
451 679 663 751 compressam
685 688 705 728 a
718 665 848 734 muliere
868 673 996 738 seditio-

71 809 145 852 nem
167 781 275 872 (1'87),
298 787 346 850 cui
370 801 477 848 nomen
491 781 655 864 Principis
674 778 827 846 obsistere
848 805 905 849 non
927 791 996 870 qul-

70 906 180 969 verit.
204 898 408 968 Accendebat
424 899 491 962 haec
507 893 716 984 onerabatque
724 887 871 980 Sejanus,
886 901 998 988 peritia

70 1041 195 1084 morum
217 1013 361 1093 Tiberii,
384 1014 453 1078 odia
472 1012 505 1080 in
521 1011 648 1102 longum
664 1011 781 1092 jaclens
796 1021 906 1102 (188),
927 1009 997 1106 unae

68 1133 283 1212 reconderet,
306 1125 451 1220 audlaque
472 1145 648 1218 promeret.

132 1245 244 1314 LXX.
268 1245 316 1312 At
337 1243 539 1310 Germanicus
560 1243 739 1334 legionum,
776 1266 850 1336 quas
872 1249 997 1316 navibus

70 1337 226 1444 vexerat,
249 1361 408 1426 secundam
430 1359 773 1451 &quartamdecimam
795 1363 912 1432 itinere
927 1383 995 1431 ter·
1067 1345 1074 1364 ”

65 1479 167 1546 restri
181 1476 217 1543 Ρ.
225 1475 359 1547 Vitellio
381 1477 534 1544 ducendas
555 1477 670 1561 tradit,
693 1501 753 1568 quo
769 1480 867 1548 levior
889 1483 992 1548 classis

68 1597 185 1664 'vadoso
206 1595 282 1660 mari
305 1596 449 1677 innaret,
472 1596 523 1661 vel
547 1597 705 1685 reciproco
735 1596 850 1664 sideret
874 1607 987 1686 (189).
1031 1593 1047 1648 l

67 1712 226 1782 Vitellius
249 1711 379 1800 primum
402 1714 466 1776 iter
488 1710 568 1776 sicca
589 1713 704 1792 humo,
726 1729 781 1776 out
797 1714 915 1780 modice
937 1715 992 1780 acl-
1043 1651 1056 1746 i

67 1829 199 1894 labente
223 1843 323 1911 aestu,
345 1827 487 1917 quietum
502 1827 624 1892 habuit.
648 1825 730 1892 Mox
751 1827 886 1914 impulsu
907 1827 993 1914 aqui-

67 1943 170 2024 lonis,
192 1943 283 2008 simul
306 1945 407 2009 sidere
432 1941 629 2028 aequinodii,
651 1961 713 2026 quo
736 1941 869 2004 maxime
891 1921 994 2006 tume-

66 2061 128 2126 scit
154 2059 322 2138 Oceanus,
344 2057 412 2144 rapi
434 2056 548 2158 agique
571 2075 701 2150 agmen:
730 2052 764 2122 dt
789 2054 996 2146 opplebantur

63 2193 186 2242 terrae:
218 2173 325 2272 eadem
348 2167 449 2253 freto,
478 2153 585 2253 litori,
616 2169 729 2258 campis
750 2167 858 2238 facies:
889 2193 991 2263 neque

66 2261 206 2357 discerni
229 2265 378 2378 poterant
400 2288 518 2354 incerta
541 2289 577 2354 ab
600 2285 722 2369 solidis,
748 2289 851 2356 brevia
873 2313 891 2356 a
915 2312 990 2382 pro-

64 2403 185 2472 fundis.
209 2403 399 2472 Sternuntur
414 2402 574 2488 fluetibus,
597 2403 780 2472 hauriuntur
797 2405 989 2496 gurgitibus:

66 2525 225 2603 iumenta,
255 2523 399 2605 sarcinae,
429 2544 561 2612 corpora
584 2521 751 2603 exanima,
782 2519 990 2604 interfluunt,

67 2651 255 2704 occursant:
285 2637 508 2726 permiscentur
530 2639 614 2704 inter
637 2659 669 2705 se
692 2635 868 2726 manipuli,
897 2637 990 2701 modo

68 2753 210 2843 pedore,
231 2753 325 2818 modo
347 2774 401 2816 ore
422 2771 515 2820 tenus
536 2768 710 2834 exstantes,
735 2751 898 2842 aliquando
919 2753 988 2819 sub.
1017 2835 1020 2846 .

68 2869 164 2935 tradlo
187 2870 252 2934 solo
276 2865 392 2950 disJetli
414 2886 468 2935 aut
490 2867 608 2934 obruti:
638 2891 700 2932 non
723 2891 801 2951 vox,
832 2865 867 2935 dc
887 2871 987 2936 mutui

69 2983 206 3052 hortatus
221 2986 378 3069 juvabant,
394 2987 576 3053 adversante
590 2983 669 3050 unda
683 3011 690 3050 :
707 2983 783 3050 nihil
797 3001 936 3054 strenuus
950 2985 1005 3050 ab·

25 3169 30 3186 ,
68 3101 178 3192 ignavo
187 3153 197 3184 ‚
218 3103 338 3192 sapiens
353 3102 389 3168 ab
404 3083 612 3192 imprudenti,
637 3101 865 3192 consilia(190)
881 3125 899 3168 a
915 3119 988 3165 casu

68 3218 208 3284 differre:
233 3217 339 3286 cundia
362 3219 428 3309 pari
452 3217 599 3286 violentia
621 3217 875 3302 involvebantur.
899 3208 989 3276 Tan-

69 3333 139 3398 dem
158 3331 308 3401 Vitellius
330 3337 364 3402 in
374 3331 506 3404 editiora
522 3337 642 3419 enisus,
664 3337 775 3432 eodem
791 3351 903 3422 agmen
920 3327 988 3394 sub·

69 3447 180 3516 duxit:
199 3451 201 3454 ’
212 3451 430 3540 ρεῐηοᾶανοκ
450 3435 528 3526 'sine
551 3435 736 3561 'utensilibus
766 3451 895 3534 (191),
923 3445 997 3510 sine*
