2446 3942
242 257 339 326 xxxn
506 201 510 207 *
541 249 867 340 annuntio.

242 414 469 506 recognitum,
494 423 694 516 ppoponere.
721 409 837 500 Tum,
863 426 900 478 ut
924 409 1032 482 obvia
1055 411 1091 483 in
1107 439 1169 486 an-

243 541 344 629 tiquis
368 534 578 627 scriptoribus
603 537 819 608 difficultates
834 557 1088 628 amoverentur,
1114 545 1168 623 Ju-

181 691 183 702 ·
241 671 295 740 vit
330 691 399 737 non
432 663 534 736 modo
569 683 757 751 temporum
789 665 976 735 discrimina
1015 665 1167 756 signare,

237 794 296 866 sed
320 797 356 866 ἀ
380 815 419 864 ea
445 789 487 859 ad
510 790 676 878 calculos,
701 789 822 881 quibus
838 815 927 861 nunc
944 792 1090 880 utimur,
1116 815 1168 860 re-

239 939 376 988 vocare:
409 937 567 988 terrarum
599 917 695 1005 loca,
734 941 877 1006 quorum
911 919 1050 1008 insignis
1083 916 1168 988 olim

237 1044 303 1114 fuit
322 1047 503 1130 memoria,
521 1063 597 1113 cum
619 1045 682 1130 iis,
706 1067 782 1133 quae
798 1067 888 1114 nunc
906 1061 1059 1130 exstant,
1084 1065 1168 1114 con-

235 1172 340 1243 ferre:
366 1172 554 1240 Romanam
579 1170 723 1239 aliamve
748 1171 955 1260 peregrinam
990 1173 1169 1258 pecuniam

236 1321 320 1378 cuns
341 1292 473 1360 Gallica
492 1309 605 1360 nostra
622 1309 758 1361 moneta
777 1315 993 1378 componete:
1018 1299 1053 1366 ὃ(
1072 1295 1168 1382 quod

236 1419 274 1488 in
299 1417 364 1486 hoc
387 1417 707 1485 commentationum
722 1438 844 1507 genere
861 1416 1077 1486 utilissimum
1093 1437 1170 1507 est,

243 1563 479 1630 nummorum,
506 1542 781 1630 inscriptionum,
799 1524 995 1628 scriptorum
1012 1559 1087 1611 tum
1096 1539 1169 1611 Ro-

239 1690 436 1756 manorum,
469 1685 543 1735 tum
567 1665 791 1754 Graecorum,
816 1667 943 1737 Tacito
968 1667 1171 1758 aequalium,

238 1811 299 1863 aut
334 1793 584 1882 recentiorum,
617 1793 832 1882 audioritate,
869 1794 1033 1864 Historia
1065 1791 1169 1867 fidem

238 1919 430 2005 adstruere,
456 1918 633 2008 lucemque
658 1921 690 1988 ei
716 1921 912 1990 adfundere.

276 2049 381 2131 Opus
405 2064 541 2130 quoque
566 2045 654 2134 fuit,
679 2070 739 2134 pro
763 2064 1037 2138 argumentorum
1059 2047 1169 2137 digni-

242 2183 314 2236 tate
338 2171 373 2238 δι
397 2164 571 2248 utilitate,
596 2172 781 2250 complures
805 2171 1051 2240 dissertationes
1062 2174 1168 2245 ¹adde-

239 2315 294 2362 re.
321 2287 519 2375 Expositum
544 2305 591 2354 est
609 2289 644 2356 dt
661 2287 866 2358 illustratum
882 2291 1050 2358 Caesarum
1066 2311 1168 2362 stem-

243 2439 320 2503 ma,
346 2438 389 2484 ne
414 2415 592 2483 nominum
615 2410 834 2480 multitudine
866 2419 901 2486 dc
926 2412 1101 2484 indiscreta
1125 2421 1169 2486 si·

239 2540 433 2613 militudine
457 2517 708 2607 obscurarentur
732 2533 895 2606 Annales.
922 2537 1005 2605 Eam
1029 2538 1167 2614 obrem
1211 2539 1212 2621 i

238 2666 352 2741 addita
378 2665 494 2758 passim
519 2662 613 2750 plura
637 2660 704 2736 alia
728 2679 922 2732 stemmata.
948 2665 1002 2734 De
1024 2663 1166 2756 legioni-

238 2791 321 2880 bus,
354 2813 470 2864 earum
502 2790 702 2882 numero&
727 2787 807 2856 locis
831 2787 935 2862 fusius
967 2790 1165 2878 mediatum,

218 2997 220 3002 Ι
241 2934 280 2984 ut
306 2909 533 2987 Historiarum
559 2913 631 2982 libri
655 2901 816 2984 inoffenso
841 2915 924 3002 pede
941 2937 1163 3000 percurreren-

235 3059 312 3110 tur.
347 3041 503 3124 Eiusdem
536 3042 742 3127 necessitatis
773 3039 836 3108 fuit
869 3041 1053 3126 expendere
1087 3063 1162 3110 ara-

235 3167 331 3236 rium
364 3188 509 3252 opesque
544 3165 792 3251 Romanorum,
834 3181 944 3236 stante
977 3167 1162 3254 republica,

237 3271 360 3362 &sub
385 3288 608 3378 Principibus;
633 3311 748 3358 eorum
773 3311 888 3360 census
904 3295 939 3364 dt
955 3292 1078 3378 lustra,
1104 3293 1161 3357 tri-

235 3410 322 3484 buta
346 3421 380 3490 dt
400 3415 596 3510 veiiigalia,
621 3412 811 3503 Principum
833 3418 1019 3509 congiaria,
1046 3414 1162 3482 Roma

1048 3561 1117 3612 ma-
