2432 3940
199 347 236 400 st
416 315 725 400 ANNALIUM
753 325 900 394 Ltus

157 542 167 578 ,Ι
255 476 449 548 LXXVIII.
477 473 674 567 Templum,
702 493 736 543 ut
764 476 797 540 in
818 475 937 542 colonia
960 469 1119 543 Tarraco,

196 597 285 667 nensi
307 610 478 660 strueretur
501 588 671 684 Augusto,
693 591 867 681 petentibus
881 589 1029 680 Hispanis
1042 613 1121 684 per-

197 711 337 793 missum3
358 711 528 798 datumque·
546 710 579 774 in
602 731 709 776 omnes
730 707 901 797 provincias
923 708 1119 798 exemplum,

197 825 411 924 Centesimum
433 847 538 910 rerum
560 825 733 917 venalium,
754 819 825 914 p'ost
848 822 925 900 belia
945 824 1046 901 civilis
1068 824 1118 888 in-

198 937 357 1042 stitutam,
379 943 568 1034 deprecante
589 943 724 1032 populo,
747 940 842 1018 edixit
865 935 1032 1022 Tiberius,
1055 943 1118 1005 mi-.

197 1061 293 1131 litare
314 1041 466 1128 erarium
502 1083 536 1127 eo
559 1037 700 1126 subsidio
723 1062 810 1122 niti:
847 1059 942 1124 simul
963 1042 1118 1148 imparem

196 1179 287 1245 oneri
309 1174 548 1262 rempublicam,
571 1177 637 1238 nisi
651 1178 798 1239 vicesimo
820 1175 946 1238 militie
968 1194 1047 1238 anno
1061 1193 1115 1236 ves

196 1296 302 1358 serani
324 1290 585 1352 dimitterentur.
614 1285 663 1348 Ita
684 1287 834 1372 proximae
856 1289 1012 1354 seditionis
1035 1287 1117 1350 malo

150 1393 154 1408 ’
197 1402 357 1482 consulta,
388 1399 492 1488 quibus
514 1398 665 1464 sexdecim
693 1400 915 1488 stipendiorum
938 1401 1030 1478 finem
1060 1424 1119 1467 εκ,

198 1531 392 1608 presserant,
413 1513 526 1588 abolita
549 1513 580 1579 in
601 1530 778 1602 posterum,

201 1799 207 1810 .
238 1751 405 1818 Postremo
426 1744 527 1816 attan
549 1750 585 1815 ale
606 1748 809 1816 subducendis
831 1745 938 1814 Tiberi
959 1749 1109 1834 aqniw

251 1869 254 1874 ’
361 1863 611 1952 qunr'nnmine
632 1867 764 1952 querele
785 1868 949 1932 ciuitatum

358 1981 363 1996 ’
459 1982 581 2067 italie,
602 1981 645 2060 dp
666 1981 848 2087 legationes,

206 2251 208 2256 ·
254 2207 412 2279 LXXIX.
430 2205 549 2277 'Alium
572 2213 683 2278 deinde
711 2217 743 2302 in
766 2231 872 2280 senatu
901 2217 938 2279 ab
961 2208 1115 2281 Arruntio

198 2325 233 2393 &
255 2322 373 2408 Atejo,
404 2349 442 2390 an
465 2327 503 2390 ob
526 2328 722 2394 moderandas
745 2324 867 2392 Tiberis
895 2327 1115 2395 exundationes

198 2441 396 2510 verterentur
424 2441 550 2510 flumina
581 2441 615 2509 dt
638 2444 735 2524 lacus,
763 2463 821 2530 per
850 2463 924 2530 quos
959 2441 1116 2533 augescit.

198 2551 387 2648 Auditaeque
409 2559 645 2648 municipiorum
668 2557 903 2625 &coloniarum
926 2557 1115 2648 legationes,

198 2675 352 2741 orantibus
374 2675 585 2771 Florentinis,
616 2697 652 2742 ne
672 2676 799 2756 Clanis,
828 2673 923 2741 solite
945 2673 1032 2740 alueo
1060 2673 1114 2738 de·-

188 2809 321 2872 rnorus,
345 2797 377 2858 in
399 2813 519 2858 amnem
534 2801 654 2858 Arnum
676 2790 944 2878 transferretur,
957 2791 1048 2874 idque
1062 2789 1113 2875 ip«,

199 2907 248 2968 sis
268 2912 438 2992 perniciem
461 2909 618 2998 adferret.
647 2905 862 3000 Congruentia
891 2903 935 2970 his
957 2903 1111 2970 Interam·
1205 2955 1207 2963 .

196 3035 285 3088 uates
306 3020 488 3092 disseruere:
508 3042 638 3112 pessum
661 3029 767 3090 ituros
788 3022 1029 3110 fecundissimos
1043 3027 1111 3086 Ita·

197 3137 254 3202 lice
271 3153 414 3224 campos,
445 3144 474 3204 si
496 3143 600 3206 amnis
622 3143 708 3207 Nar·
728 3138 781 3226 (id
803 3137 885 3203 enim
907 3137 1108 3225 parabatur),

196 3253 230 3314 in
252 3255 344 3320 riuos
367 3252 525 3334 diduiins,
555 3258 872 3346 superstagnaoissrt.
902 3250 969 3319 Nec
998 3250 1108 3317 Reati-

197 3363 228 3426 ni
251 3367 396 3450 silebant,
420 3369 570 3438 Velinum
592 3372 709 3453 lacurn,
740 3391 797 3459 que
819 3368 850 3432 in
875 3366 988 3435 Narem
1011 3365 1106 3432 effun.

196 3475 297 3590 ditur,
320 3485 434 3552 obstrui
451 3503 624 3557 recusantes
631 3512 642 3575 3
664 3491 776 3576 qnippe
790 3489 823 3558 in
848 3485 1020 3569 adjacentis
1034 3503 1106 3558 erus
