2432 3940
161 187 167 202 ³
195 282 257 332 ιιι
404 241 709 320 ANNALlUM
736 247 833 320 LIB.
855 247 901 321 ΙΙ.

190 399 374 474 Tacfarinas
390 398 742 494 pugnamdetreiiavit.
765 401 992 470 FusiNumidae
1003 453 1014 486 ,
1039 397 1119 471 mul-
1204 419 1208 606 1

194 539 304 612 torque
325 536 396 611 post
417 538 514 584 annos
536 516 629 584 Furio
653 517 769 583 nomini
790 536 915 607 parturn
941 519 1035 588 decus
1057 520 1121 585 mi-

190 640 284 706 litiae:
314 660 386 704 narn
409 651 479 726 post
501 635 589 700 illum
611 635 851 726 reciperatorem
882 635 980 717 urbis,
1003 635 1121 703 filiurn·

191 777 252 846 que
275 753 341 834 ejus
364 747 554 834 Camillum,
583 772 679 842 penes
701 751 774 818 alios
796 748 923 819 familias
945 753 1121 842 imperato·
1207 789 1208 812 r

189 872 237 938 ria
258 868 324 936 laus
338 866 459 936 fuerat.
482 864 590 958 Atque
599 867 669 950 hic,
691 887 787 959 quem
805 889 1029 964 memoramus,
1052 866 1121 934 bel-

190 987 294 1053 lorum
317 1007 427 1075 expers
457 985 641 1052 habebatur:
669 1007 709 1051 eo
738 986 864 1075 pronior
893 982 1037 1052 Tiberius
1067 1006 1123 1052 res

189 1117 294 1196 gestas
317 1103 398 1192 apud
420 1101 569 1170 Senatum
592 1101 778 1170 celebravit:
808 1101 843 1169 ἃ
873 1101 1039 1170 decrevere
1061 1123 1120 1188 pa-

80 1264 87 1278 ,
131 1239 137 1248 ·
189 1234 256 1284 tres
279 1219 475 1309 triumphalia
496 1218 651 1307 insignio:
674 1217 756 1307 quod
780 1215 920 1286 Camillo
952 1218 990 1286 ob
1010 1215 1123 1284 mode-

190 1331 279 1397 stiam
302 1333 377 1397 vitae
398 1335 524 1420 impune
545 1327 624 1394 fuit.
789 1329 794 1336 ’

335 1553 401 1629 Au.
425 1579 456 1626 υ.
478 1579 507 1625 c.
530 1573 675 1626 occtxxr.
699 1555 779 1626 AEu.
803 1559 886 1628 Cur.
916 1573 965 1628 18.

189 1759 420 1874 Geminius,
449 1797 564 1862 iterum
593 1780 721 1876 comui,
750 1793 784 1858 in
807 1796 990 1862 Armeniam
1012 1797 1125 1863 venite

256 1929 360 1999 regem
380 1917 553 1992 Zenonem
575 1929 679 1980 amoto
700 1913 847 1993 Vonone,
869 1908 1045 1978 volentibus

376 2029 419 2094 iis
441 2031 600 2118 imponit.
631 2027 747 2094 Deinde
775 2027 951 2117 AEgyprum

539 2139 773 2228 proficiscitur.

261 2359 360 2432 L111.
380 2363 517 2456 Sequens
537 2387 635 2436 annus
658 2363 817 2438 Tiberium
840 2371 957 2456 tertio,
985 2373 1123 2443 Germa-

193 2483 297 2552 nicum
319 2481 436 2550 iterum
465 2483 605 2551 consides
634 2485 765 2591 habuim
784 2485 837 2552 sed
867 2508 939 2554 eum
965 2488 1122 2556 honorem
1205 2557 1206 2568 ,

193 2595 400 2668 Germanicus
434 2601 503 2668 iniit
541 2595 623 2692 apud
653 2601 760 2670 urbem
789 2597 946 2686 AcbaJ‘ae,
977 2604 1117 2695 Nicopo-
1205 2587 1206 2679 i

30 2746 50 2786 κ,
89 2741 93 2744 ·
193 2717 250 2782 lim
271 2726 369 2805 (141)
376 2767 387 2800 ‚
415 2739 477 2808 quo
500 2737 632 2792 venerat
657 2741 715 2808 per
740 2719 896 2802 Illyricam
920 2742 1025 2804 oram,
1055 2722 1119 2788 viso

192 2827 291 2898 fratre
312 2832 439 2919 Druso,
460 2833 659 2904 ioDalmatia
674 2853 810 2928 agente,
832 2832 987 2905 Adriatici
1003 2859 1117 2905 acmox

193 2943 276 3034 Jonii
298 2951 388 3015 maris
408 2953 566 3023 adversam
588 2953 817 3046 navigationem
840 2973 1026 3046 perpessus.
1051 2954 1116 3046 Igi-

193 3081 248 3132 tur
272 3083 384 3152 paucos
414 3069 480 3134 dies
508 3071 670 3161 insumpsit
700 3069 875 3138 reficienda
903 3067 1004 3137 classi:
1026 3069 1116 3136 simul

191 3179 293 3262 sinus,
322 3179 433 3248 niliaca
456 3185 581 3252 vidoria
603 3183 745 3270 inclitos,
774 3186 809 3257 rit
830 3201 964 3254 sacratas
983 3183 1022 3250 ab
1044 3180 1114 3253 Au·
1203 3183 1204 3260 Ῐ

190 3312 285 3380 gusto
306 3299 477 3383 manubias,
498 3319 660 3392 rastraque
683 3300 817 3373 Antonii
837 3325 908 3370 cum
922 3303 1114 3414 racematio·
1203 3323 1204 3413 p

190 3426 231 3472 ne
253 3413 404 3491 majorum
424 3439 548 3486 suorum
570 3418 663 3487 adiit.
689 3419 832 3510 Namque
855 3421 906 3504 ei,
937 3436 974 3488 ut
995 3441 1112 3490 memo·
1202 3475 1203 3518 ἶ
