2538 3948
384 563 687 636 insumunt
710 513 988 632 rotimum

322 739 770 807 ANNALIUM
820 737 1049 804 uorsa.

231 959 276 1036 (1)
296 958 415 1015 violenta
431 957 523 1014 lulla.
544 960 618 1016 Libro
631 961 753 1027 superiore
768 975 811 1020 75.
830 956 919 1012 dicitur
934 959 1071 1019 omnium,
1091 965 1153 1022 quae

266 1035 388 1086 ultionem
409 1047 577 1096 morarentur,
596 1035 746 1086 intolerans.

230 1105 272 1178 (ι)
290 1109 328 1158 Ur
347 1107 490 1178 quique...
509 1101 639 1179 stipendia
649 1101 794 1177 fecerunt.
821 1104 860 1156 lta
887 1105 965 1156 codex
990 1109 1012 1155 dc
1032 1098 1176 1154 Beroaldi.

265 1177 358 1239 editio,
378 1196 409 1229 ne
428 1180 523 1246 ingrata
542 1180 572 1229 sit
588 1179 700 1244 repetitio
719 1178 788 1230 vocis
805 1176 937 1249 quisque,
962 1191 1037 1245 quarn
1055 1184 1152 1224 tenent

266 1251 380 1318 vulgati.
398 1251 468 1301 Idem
488 1251 621 1302 Beroaldus
639 1268 671 1301 ex
685 1251 772 1302 eodem
787 1251 875 1301 codice
895 1249 962 1300 dedit
972 1244 1157 1321 fidissimum*

265 1339 316 1394 que
342 1317 544 1395 adtrdruperat,
562 1339 614 1373 non
634 1335 663 1372 ut
681 1322 777 1388 vulgati
788 1314 1042 1396 fidelissimumque.
1061 1316 1154 1368 Paullo

266 1407 321 1460 post
340 1410 382 1459 pro
400 1395 559 1460 vulgatorum
575 1393 690 1464 proxima
707 1392 789 1445 marii
807 1392 1021 1445 mallerErnesrus
1031 1389 1155 1463 proxdtna

264 1481 347 1517 marr.

228 1534 275 1610 (3)
294 1532 397 1604 Difirit
413 1530 515 1586 oculor.
536 1533 661 1586 Omnium
680 1533 765 1586 oculos
784 1536 810 1585 in
830 1550 908 1584 uneru
927 1552 954 1586 se
971 1529 1071 1586 defixos
1092 1545 1156 1585 con·-

265 1617 352 1656 verili-

226 1676 273 1750 (4)
292 1682 422 1752 lncompta
439 1675 528 1748 rigna·
547 1676 609 1730 Vide
635 1680 704 1729 Ann.
721 1697 746 1739 1,
762 1694 807 1759 pp.
834 1681 929 1729 Fasces
947 1677 1061 1745 intellige
1082 1693 1160 1748 quos·
1246 1717 1247 1752 ;

267 1747 428 1816 preferebant
445 1747 539 1801 liblorcs
555 1749 632 1814 ipsius
650 1753 810 1802 Germanici.

233 1821 278 1896 (5)
297 1823 399 1874 Atrata
414 1815 507 1893 plebes.
526 1821 638 1872 Pulla&
656 1819 754 1888 lu'gubri
780 1832 849 1872 veste
872 1818 986 1872 amidis.
1013 1815 1155 1874 Trabeam

268 1894 384 1961 equitum
403 1891 512 1960 intellige
531 1906 626 1944 vestem
645 1893 754 1944 trabibus
780 1891 909 1958 purpureis
935 1892 1060 1956 intextis,
1087 1909 1150 1960 quae

269 1965 310 2016 hic
328 1981 381 2016 non
399 1964 430 2015 ad
448 1965 546 2016 lucium
565 1965 606 2016 sed
626 1980 762 2031 pompam,
786 1971 809 2016 dc
833 1963 864 2016 ad
888 1963 1042 2030 splendorem
1063 1963 1153 2016 funeri
1172 2021 1177 2025 ,

269 2037 457 2089 conciliandum
475 2037 597 2088 sumitur.

227 2105 279 2180 (o)
298 2118 417 2161 Vestem.
444 2109 501 2159 Vim
528 2125 646 2176 magnam
669 2109 781 2176 pretiosae
799 2108 875 2160 vestis
893 2107 1048 2160 cremabant:
1068 2122 1153 2160 strue-

270 2179 329 2231 bant
347 2180 416 2230 enim
435 2187 459 2230 ot
476 2179 645 2232 accendebant
667 2197 757 2248 rogos,
775 2177 848 2248 quasi
866 2190 953 2233 terum
973 2180 1006 2230 ibi
1024 2178 1105 2234 funus
1126 2189 1151 2232 ot

269 2251 374 2302 cadaver
390 2263 467 2302 esset.
794 2297 796 2306 ,

235 2321 278 2396 (7)
297 2320 411 2374 Diversa
426 2320 531 2396 oppida,
550 2324 566 2374 i.
582 2341 605 2374 e.
631 2323 720 2376 devia.
741 2321 812 2376 lnlia
830 2323 907 2375 codex
932 2331 955 2376 ἀ
974 2338 1066 2377 veteres
1080 2323 1152 2376 editi

269 2393 362 2446 habent
379 2395 410 2444 C.
429 2396 567 2453 Aurelius,
585 2411 636 2446 non
656 2400 694 2448 M.
788 2411 789 2416 ¹

235 2463 282 2540 (8)
303 2460 404 2518 Aberat
422 2465 507 2538 quippe
523 2463 660 2520 adulatio·
687 2472 751 2520 Haec
768 2469 846 2528 ratio,
866 2485 908 2518 cur
926 2466 1102 2534 incompositi,
1123 2477 1149 2520 dc

270 2551 299 2589 ut
322 2537 414 2615 cuique
438 2537 552 2598 libitum,
576 2543 682 2600 flerent,
696 2541 756 2606 quia
773 2539 818 2590 sibi
837 2538 974 2608 lugebant,
991 2557 1043 2592 non
1056 2541 1147 2608 princi-

269 2610 312 2677 pi,
330 2625 376 2660 nec
394 2609 499 2663 dolendo
517 2611 642 2663 Tiberium
661 2611 842 2664 adulabantur.

233 2679 275 2754 (9)
295 2681 407 2734 Diurna
425 2678 541 2736 alim
560 2683 701 2754 scriptura.
727 2683 815 2736 Diaria
834 2685 887 2736 sive
912 2683 1082 2752 ephemeridas
1102 2686 1141 2737 in-

270 2755 375 2822 telligit,
393 2769 449 2822 quae
466 2753 652 2822 diligentissime
671 2754 880 2808 conficiebantur.
904 2756 1033 2810 instituit
1056 2759 1145 2812 Caerar

267 2823 399 2888 dilium,
416 2825 499 2894 inquit
515 2827 674 2888 Suetonius,
700 2839 730 2882 ut
747 2839 805 2880 tam
827 2840 933 2880 senatur
959 2845 1037 2901 quam
1057 2826 1145 2902 populi

267 2895 368 2950 diurna
384 2893 446 2954 abda
462 2897 646 2972 conficerentur
655 2896 818 3024 publicarent
825 2916 921 2972 terque.

233 2965 293 3041 (ro)
311 2967 380 3022 Dier
389 3005 463 3022 .....
482 2969 556 3025 modo
572 2983 613 3038 per
629 2970 771 3024 sirmium
789 2984 896 3024 vastus·
922 2973 997 3026 Modo
1015 2973 1143 3024 silentium

266 3039 356 3122 habuit
381 3053 457 3094 vaste
474 3042 632 3104 solitudinis,
657 3045 732 3119 modo
758 3043 893 3110 ploratibus·
914 3044 1015 3096 turbidis
1038 3045 1143 3096 circum·

266 3124 366 3165 suuun.

230 3181 294 3264 (ιι)
313 3181 396 3235 Miles
413 3199 474 3236 cum
490 3185 586 3238 amis.
606 3191 644 3239 Ne
657 3187 713 3251 quis
731 3186 756 3237 in
774 3187 864 3254 populo
883 3189 1005 3240 tumultus
1023 3191 1140 3243 oriretur.

265 3260 304 3304 Sic
322 3257 390 3306 Ann.
409 3256 433 3318 ι’,
453 3257 477 3308 8.
494 3253 541 3310 die
550 3253 654 3328 fimerir
672 3259 787 3332 Augusti
811 3257 910 3312 milites
938 3257 1011 3315 velut
1026 3261 1142 3334 praesidio

264 3335 372 3402 stetere.
395 3332 455 3410 ldon
475 3327 551 3398 igitur
568 3328 705 3383 audiendus
729 3333 869 3394 Harlaeus,
893 3333 934 3401 qui
959 3333 1044 3386 mallet
1067 3332 1140 3388 miles

262 3408 317 3446 rme
333 3415 429 3454 armes.
745 3400 749 3412 '
