2432 3940
157 231 870 318 nu.u.uuccuxv11.AEu.cHu.14.
932 271 973 326 n

50 413 109 458 nec
133 411 241 483 agmen
265 411 334 478 per¹
349 389 444 454 saltus
472 387 702 479 porrigeretur,
730 392 872 478 immoti3
902 393 976 462 dein

49 508 170 588 latera,
188 504 226 572 dt
247 502 382 571 frontem
405 504 525 570 modice
547 503 752 588 adsultantes,
774 527 841 574 tota
864 510 895 576 vi
917 535 975 578 no·

48 623 184 688 vissimos
201 623 380 688 incurrere:
403 618 663 706 turbabanturque
684 621 784 688 densis
798 623 975 694 Germano-

48 761 116 804 rum
138 739 271 805 catervis
290 739 378 832 ¹leves
393 735 537 802 cohortes
552 744 667 822 (149),
688 759 758 804 cum
772 738 899 822 Caesar,
920 743 975 808 ad..

46 854 151 921 vestus
173 855 210 922 ad
233 854 452 932 vicesimanos,
473 873 549 916 voce
570 871 702 942 magna,
726 851 781 919 hoc
802 854 882 920 illud
899 873 977 922 teru-

43 988 106 1058 pus
137 969 341 1038 obliteranda
372 965 534 1033 seditionis
567 967 759 1034 clamitabat:
794 985 977 1058 pergerent,

43 1103 260 1175 properarent
280 1083 406 1170 culpam
427 1086 461 1147 in
476 1083 564 1148 decus
579 1101 725 1150 verrere.
746 1083 896 1152 Exarsere
910 1087 977 1152 ani-

43 1201 124 1284 mis,
146 1221 272 1287 unoque
293 1199 411 1287 impetu
432 1207 613 1286 perruptum
635 1199 756 1266 bostem
778 1200 924 1292 redigunt
944 1203 978 1270 iu
1017 1207 1022 1224 '

41 1333 160 1406 aperta
169 1365 180 1396 ,
202 1315 400 1403 caeduntque:
423 1314 510 1378 simul
534 1315 625 1404 primi
641 1315 772 1405 agminis
785 1317 885 1404 copiae
900 1331 974 1384 evas

41 1453 118 1497 sere
138 1431 245 1512 siivas,
267 1447 427 1520 castraque
449 1433 700 1498 communivere.
724 1429 876 1522 Quietum
900 1433 973 1500 inde

43 1548 123 1614 iter:
155 1546 311 1636 fidensque
333 1545 528 1630 recentibus,
553 1569 589 1614 ac
612 1549 752 1637 priorum
774 1547 887 1620 oblitus
911 1551 970 1616 mi·

44 1663 107 1746 les,
130 1663 161 1728 in
186 1663 320 1728 hibernis
341 1663 480 1730 locatur.
537 1745 541 1753 Ι

102 1776 177 1844 Lll.
202 1779 355 1846 Nuntiata
378 1803 415 1846 ea
439 1777 602 1848 Tiberium
626 1779 737 1845 laetitia
758 1801 894 1870 curaque
918 1781 973 1846 ad·

43 1892 165 1960 iecere:
190 1895 344 1986 gaudebat
368 1875 545 1985 oppressam
569 1894 772 1976 seditionem3
796 1895 868 1972 sed,
893 1893 974 1980 quod

42 2011 211 2102 largiendis
236 2011 392 2098 pecuniis,
423 2007 459 2073 dt
490 2007 630 2072 missione
661 2004 805 2072 festinata
838 2001 974 2074 favorem

41 2127 183 2190 miiitum
207 2123 414 2212 quaesivisset,
440 2121 548 2188 heilica
572 2141 692 2210 quoque
707 2120 887 2188 Germanici
902 2125 972 2214 gio-

40 2243 110 2321 ria,
134 2240 320 2330 angebatur.
353 2237 480 2305 Retulit
502 2255 607 2304 tamen
632 2238 669 2304 ad
693 2255 832 2304 senatum
855 2238 896 2304 de
920 2259 971 2304 re-

41 2357 94 2422 bus
120 2356 233 2448 gestis,
264 2356 421 2445 multaque
453 2353 492 2419 de
525 2354 640 2420 virtute
671 2357 736 2435 ejus
767 2357 970 2437 memoravit,

43 2473 143 2562 magis
173 2471 205 2550 in
230 2471 363 2560 speciem
388 2469 486 2538 verbis
509 2471 657 2538 adornata
680 2478 794 2556 (150),
818 2491 910 2558 quam
934 2487 971 2536 ut

45 2588 169 2676 penitus
191 2587 305 2650 sentire
318 2588 515 2654 crederetur.
539 2585 736 2656 Paucioribus
752 2583 911 2665 Drusum,
935 2582 970 2652 δε

47 2702 138 2768 linem
162 2699 281 2780 Illyrici
303 2717 402 2766 motus
425 2703 578 2788 laudavit}
603 2704 656 2769 sed
680 2701 851 2781 intentior,
868 2697 909 2766 ,ἀ
934 2697 970 2764 Ε,-

47 2819 81 2883 da
106 2818 263 2884 oratione:
296 2793 584 2906 eundiaque,'1quae
608 2817 813 2882 Germanicus
836 2815 968 2882 induise*

47 2951 112 3016 rat,
135 2933 288 3014 seruauit,
313 2934 407 3002 etiam
431 2931 510 3020 apud
535 2929 726 2997 Pannonicos
749 2933 915 3000 exercitus.

128 3109 240 3196 julia,
263 3110 394 3196 Augusti
410 3103 504 3189 filia,
527 3105 638 3194 Rhegi}
658 3110 758 3181 vitam
774 3103 879 3190 finiit.

102 3229 194 3345 Lill.
218 3279 336 3348 Eodem
359 3303 440 3348 anno
465 3281 543 3368 Julia
566 3303 742 3374 supremum
765 3281 848 3346 diem
871 3272 967 3355 obiit,

45 3397 82 3511 ob
112 3394 334 3487 impudicitiam
365 3399 480 3474 olima
504 3415 594 3490 patre
616 3396 763 3495 Augusto
786 3387 968 3464 Pandataria
