2474 3944
672 136 686 178 I

233 310 301 366 ²50
435 276 738 352 ANNALIUM
764 277 860 348 LIB.
883 279 946 352 IV.

229 450 303 526 perr
323 431 441 500 sordes.
463 436 608 499 Frustra
630 428 798 498 Pticbrrrt
817 427 1003 518 prescribi,
1032 433 1086 496 rui
1110 451 1158 497 su*

232 550 262 618 la
284 534 373 615 exitii
395 569 492 615 trusa
512 552 578 630 sit',
613 546 695 636 quud
714 549 918 634 Agrippinam
940 541 1038 614 stulte
1056 563 1158 634 prur-

231 685 287 732 ιω
309 663 352 732 rt
372 663 488 731 cuiruu
510 664 677 751 delegarit,
698 660 797 730 oblita
819 667 918 731 suria
939 667 1031 752 (ηε)
1052 660 1094 730 ub
1107 684 1161 728 ra·

232 782 300 848 dem
321 778 474 867 atptuae.
510 774 629 846 Audita
658 778 724 845 haec
755 801 857 846 ratam
885 779 999 846 occulti
1027 775 1162 868 pudioris

233 917 341 964 vocem
362 894 517 980 elicuere,
538 911 778 984 correptamque
801 895 915 982 Graeco
937 915 1024 962 versu
1049 894 1161 960 admo-

184 1057 186 1062 ·
233 1012 327 1080 nuit:
358 1013 424 1079 ideo
446 1011 534 1096 lardi,
561 1015 648 1099 quta?
667 1033 727 1079 trun
751 1030 919 1100 regnaret.
963 1007 1101 1076 Pulchra
1129 1005 1165 1075 &

233 1125 366 1196 Furnius
386 1127 587 1196 damnantur.
613 1123 713 1210 Afer,
736 1127 919 1218 prirnoribus
933 1142 1089 1192 oratorum
1105 1124 1168 1189 ad-

234 1243 339 1327 ditus,
368 1243 529 1337 divulgato
553 1244 704 1335 iugenio,
740 1241 776 1310 dt
798 1259 905 1312 secuta
927 1239 1167 1310 adseueratione

232 1357 384 1440 casaris,
408 1381 469 1446 qua
490 1379 546 1422 suu
563 1361 639 1438 jure
659 1359 809 1423 disertum
830 1365 928 1443 (ηρ)
958 1381 1030 1426 eum
1051 1356 1167 1448 appel-

234 1473 328 1538 lavit:
353 1493 424 1540 mox
445 1469 636 1558 capessendis
664 1469 922 1554 accusationibus,
945 1491 1001 1539 aut
1021 1495 1100 1542 ,reos
1116 1489 1168 1538 tu-

233 1585 352 1666 tando,
381 1583 577 1674 prosperiore
602 1581 790 1672 eloquentiae
817 1605 910 1672 quam
933 1607 1056 1653 morum
1081 1585 1170 1656 fama

231 1697 317 1767 tuit:
354 1699 412 1767 nisi
433 1699 514 1791 quud
544 1715 619 1764 aetas
639 1716 783 1766 extrema
812 1700 943 1764 multum
971 1701 1068 1766 etiam
1092 1703 1173 1768 eio-

234 1817 371 1906 quentia
396 1816 556 1907 dempsit,
584 1814 657 1882 durn
677 1809 756 1883 sessa
777 1830 883 1884 mente
905 1813 1021 1883 retinet
1040 1815 1169 1884 silentii

237 1931 479 2026 impatientiam.

383 2167 556 2250 Agrippina
583 2167 735 2228 maritum
768 2163 831 2230 sibi
854 2162 1017 2251 postulat,

599 2296 652 2341 rrr
672 2275 808 2344 obtirrr.

296 2503 386 2572 LIII.
410 2505 456 2572 At
479 2500 679 2596 Agrippina,
701 2506 844 2595 pervicax
872 2505 954 2588 itae,
985 2504 1023 2574 dt
1053 2511 1163 2578 moria

238 2623 376 2715 corporis
396 2622 569 2712 implicata,
589 2641 661 2688 cum
678 2621 793 2688 viseret
814 2641 883 2688 eam
898 2617 1028 2704 Casar,
1054 2622 1160 2714 prosu-

240 2741 280 2808 tis
301 2740 354 2808 diu
376 2761 413 2805 ac
433 2761 490 2829 par
513 2735 665 2805 silentium
687 2737 848 2821 lacrymis,
873 2759 944 2806 mox
958 2739 1105 2806 inuidiam
1130 2739 1161 2806 dt

239 2875 350 2944 preces
370 2861 463 2941 (130)
485 2853 629 2954 ardisus:
657 2853 836 2922 subueniret
857 2855 1037 2938 solitudini,
1072 2857 1160 2923 taret

241 2971 391 3036 maritum
405 2994 417 3034 .-
440 2971 571 3040 habilem
585 2969 681 3038 adhuc
688 2974 852 3056 juventam
866 2969 926 3036 sibi
934 2993 946 3055 ς
970 2992 1063 3060 nepus
1076 2970 1163 3040 aliud

238 3081 367 3175 probis,
397 3105 491 3168 quam
519 3107 556 3151 err
586 3090 810 3168 matrimonio,
839 3083 1008 3156 solatium:
1037 3108 1100 3154 rssr
1128 3089 1159 3152 iu

241 3203 390 3279 ciuitate,
419 3203 473 3284 qui
503 3205 680 3273 Germanici
710 3207 885 3290 conjugat,
913 3224 948 3268 uc
969 3201 1081 3272 ltbrros
1101 3205 1157 3288 rjus

241 3317 378 3398 'recipere
400 3314 602 3400 dignarentur
624 3322 736 3411 (131).
756 3313 819 3386 Sed
836 3313 965 3400 Caetar,
989 3341 1050 3385 nun
1064 3317 1157 3410 ‘igna-

241 3443 310 3504 τηε,
331 3445 481 3514 quantum
503 3451 541 3498 ex
556 3431 710 3520 republica
724 3447 888 3524 peteretur
894 3455 906 3520 3
932 3455 975 3503 nn
994 3451 1100 3502 tamen
1113 3427 1156 3497 af·
