2454 3938
275 279 338 352 158·
476 248 784 329 annuerunt
812 248 995 322 urnnr.

269 441 340 500 tes,
360 429 396 480 ua
417 414 532 498 copim
549 425 658 496 pugnat
671 411 823 494 imperto
838 392 996 491 facerent,
1018 397 1122 468 aciem
1137 416 1189 488 pro

270 533 379 604 castris
408 528 557 612 instruit3
586 525 746 613 primoque
774 523 894 613 impetu
924 521 1011 611 pulso
1040 515 1188 594 cohorte,

269 661 429 746 promptus
449 641 532 707 inter
554 640 618 706 tela
648 655 795 708 occursat·
816 637 1021 731 fugientibus,
1050 634 1187 720 increpat

270 759 449 859 signiferos,
471 759 552 844 quod
569 758 725 825 inconditis
738 771 794 822 aut
816 749 1187 822 desertoribusnttesno-

271 902 377 952 manus
390 895 475 964 terga
488 875 592 942 daret:
615 873 704 939 simul
718 887 848 960 excepta
865 870 1009 950 vulnera,
1031 865 1068 934 dt
1086 873 1187 952 quarn.-

271 1017 363 1090 quarn
385 987 549 1060 transfosso
566 989 682 1072 oculo,
711 987 874 1056 aduersum
891 1011 926 1052 os
939 987 977 1052 ¹in
999 983 1127 1048 hostem
1147 978 1187 1042 iu*

272 1111 395 1196 tendit3
417 1111 517 1198 neque
538 1106 686 1197 proeiium
709 1105 836 1187 otoisit,
851 1103 947 1170 donec
968 1097 1110 1165 desertus
1134 1093 1184 1158 suit

272 1228 427 1300 caderet.

331 1340 426 1410 XXI.
456 1339 543 1430 Q'uae
569 1343 729 1432 postquam
758 1332 799 1400 L.
822 1327 967 1425 Apronio
997 1338 1011 1418 (
1034 1349 1106 1395 nem
1129 1322 1185 1392 Ca*

277 1463 364 1532 millo
386 1455 576 1534 successerat
597 1464 615 1544 p
635 1464 813 1540 comperta,
835 1447 933 1536 magis
948 1445 1101 1512 dedecore
1123 1462 1182 1506 suo-

275 1603 363 1660 rum,
385 1598 476 1664 quam
497 1574 594 1658 gloria
615 1566 709 1630 hostis
731 1562 856 1641 anxius,
879 1583 949 1625 raro
971 1581 1009 1625 ea,
1023 1571 1183 1651 tempesta·

277 1716 337 1780 te,
359 1691 394 1759 dt
415 1711 434 1752 e
456 1698 563 1747 vetere
578 1675 725 1740 memoria
733 1673 888 1756 facinore,
910 1675 1075 1740 decumum
1089 1683 1185 1761 quen·

277 1835 341 1906 que
362 1790 573 1892 ignominiosa*
594 1789 758 1872 cohortis,
787 1806 870 1858 sorte
892 1787 1014 1869 dudios,
1042 1781 1118 1855 fusti
1141 1805 1183 1851 nt⁴

279 1945 346 1998 cat·
374 1907 576 1998 Tantumque
600 1911 781 2006 ¹severitate
810 1900 1006 1998 profedium,
1035 1917 1071 1970 ut
1100 1899 1182 1996 venil-

278 2047 341 2110 lun.1
362 2019 591 2094 vetefflssmm
604 2033 695 2116 (44),
724 2029 785 2094 non
805 2023 938 2117 amplius
955 2017 1120 2112 quingenti
1139 2037 1180 2081 nu·

277 2167 383 2225 mero,
405 2141 528 2208 easdem
551 2140 761 2210 Tacfarinatis
781 2143 903 2232 copias,
926 2135 1120 2230 praesidium,
1145 2125 1179 2196 cui
1205 2189 1206 2192 ,

275 2258 378 2326 Thala
392 2275 529 2338 nomen,
547 2258 726 2346 adgressas,
747 2255 900 2323 fuderint:
924 2278 986 2346 quo
1000 2251 1114 2344 proelio
1126 2247 1178 2315 Ru·
1205 2277 1206 2282 ¹

276 2373 326 2444 fus
341 2369 497 2452 Helvio,
519 2372 679 2464 gregarius
694 2370 801 2451 miles,
823 2370 936 2436 servati
957 2369 1031 2435 civis
1045 2368 1135 2433 decus
1145 2379 1177 2426 re·

276 2492 371 2574 tulit,
395 2487 588 2576 donatusque
609 2501 656 2553 est
679 2486 716 2552 ab
739 2479 880 2574 Apronio
902 2481 1060 2571 torquibus
1088 2479 1124 2546 dc
1141 2477 1176 2542 h·
1205 2451 1206 2458 ἵ

279 2613 344 2678 ita.
365 2603 475 2674 Cesar
498 2603 615 2692 addidit
637 2601 765 2670 civicam
778 2620 944 2680 coronam,
966 2593 1047 2684 quod
1064 2609 1175 2662 nontin

275 2707 398 2816 'quoque
419 2723 573 2810 Apronius
589 2724 665 2807 iure
675 2705 863 2808 proconsulis
878 2715 1057 2796 tribuisset,
1077 2721 1175 2800 questus

278 2844 397 2934 magis,
420 2861 512 2930 quam
534 2835 689 2904 offensus.
725 2834 789 2914 Sed
809 2829 1018 2912 Tacfarinas,
1053 2817 1173 2918 percuisis

282 2956 444 3038 Numidis,
466 2955 501 3024 dt
524 2955 636 3022 obsidia
650 2951 881 3046 aspernantibus,
893 2955 985 3038 (45),
1006 2943 1118 3035 spargit
1129 2931 1173 3003 bel*

221 3127 224 3133 .
282 3073 367 3160 itun;
391 3073 439 3140 ubi
463 3072 650 3156 instaretur,
680 3071 818 3152 cedens,
849 3089 886 3134 ac
908 3084 1029 3132 rursum
1056 3059 1087 3127 in
1108 3067 1172 3140 tergi

281 3209 437 3258 remeans:
461 3185 496 3256 ἀ
518 3188 592 3254 duur
613 3210 651 3254 ea
664 3188 744 3253 ratio
763 3177 978 3262 barbarofuit,
1001 3176 1120 3246 inritum
1129 3163 1171 3234 ses·

281 3327 410 3398 sumque
432 3303 609 3390 Romanum
631 3305 756 3398 impune
778 3297 1001 3368 ludificabatur.
1033 3288 1170 3379 Postquam

283 3419 412 3500 deflexit
433 3423 472 3494 ad
493 3421 663 3528 maritiurpo
683 3423 786 3508 locos,
808 3415 953 3514 inligatus
965 3409 1086 3507 ptaeda,
1104 3395 1170 3496 atati·
