2446 3942
189 293 904 395 AN.U.c.Dcc'va11.AER,cHR.14.
962 345 1001 400 η

78 439 214 546 Caesar,
236 463 271 530 δε
291 481 361 554 quae
381 479 467 532 cusos
488 460 660 542 obtulerat,
683 463 713 528 in
735 459 914 554 sapientiam
936 489 1006 534 ver.

79 581 180 648 nenda
202 597 304 662 ratus,
326 577 481 644 circumiri
503 579 636 648 tentoria
659 579 757 658 jubet.
780 577 911 664 Accitur
931 605 1007 650 cen-

82 697 170 764 turio
191 696 358 776 Clemens,
380 692 415 759 ἀ
437 693 461 757 si
482 693 534 783 qui
555 691 618 758 alii·
631 692 714 768 bonis
735 697 848 762 artibus
869 697 950 790 grati
973 702 1007 766 in

82 815 213 904 vulgus:
243 813 264 876 ii
289 809 399 902 vigiliis
421 816 517 896 (85))
548 809 746 890 station'luut,
773 813 915 878 custodiis
937 839 1008 904 por.

82 951 193 994 rarum
215 949 249 1002 se
278 929 437 1006 inserunt,
466 923 736 1012 spem'offerunt,
753 933 881 992 -lnetum
909 930 1009 994 inten-

82 1047 182 1112 dunt.
229 1049 396 1130 ‚Quousque
415 1035 525 1136 fillum
552 1045 756 1127 imperatoris
786 1039 1011 1111 obsidebimus?

84 1167 162 1248 quis
193 1160 400 1231 certaminum
421 1151 529 1238 finis?
566 1159 770 1224 Percennione
798 1157 840 1232 le·
868 1159 1013 1226 Vibuleno

79 1277 319 1364 sacromentum
347 1269 459 1336 dilluri
481 1275 614 1348 sumus?
641 1275 830 1346 Percennius
857 1274 901 1351 ὼε
923 1275 1015 1342 Vibu-

86 1393 181 1465 ¹lenus
201 1387 353 1475 stipendia
377 1383 549 1482 militibus,
577 1409 674 1476 agros
704 1393 844 1462 meritis
874 1391 1011 1478 largien.

87 1508 172 1572 tur?
184 1505 331 1589 'Denique
351 1509 440 1589 (8⁶),
459 1519 523 1590 pro
536 1502 718 1572 Neronibus
732 1505 774 1580 lyr
791 1513 930 1588 Drusis,
953 1511 1011 1572 im-

84 1605 211 1712 perium
229 1618 335 1708 populi
357 1623 488 1688 Romani
510 1623 695 1707 capessent?
724 1625 800 1706 quin
820 1629 946 1709 potius,
977 1639 1012 1688 ut

87 1741 257 1808 novissimi
278 1739 312 1802 ln
333 1735 455 1822 eulpam
478 1743 568 1821 (87),
599 1741 644 1802 ito
672 1739 777 1823 primi·
802 1737 845 1802 ad
861 1743 1011 1826 peniten-

90 1859 171 1919 tiam
192 1825 327 1926 sumus?
348 1851 453 1924 Tarda
475 1869 568 1932 sunt,
598 1873 667 1938 que
689 1854 723 1927 in
744 1871 901 1917 commune
922 1869 1014 1939 expo-

90 1969 270 2036 stulentur:
290 1973 454 2053 priuatam
471 1973 611 2050 gratiam
632 1968 744 2036 statim
765 1985 922 2045 nterenre,
950 1981 1017 2029 sto-

91 2091 152 2152 tim
175 2087 329 2170 recipias.
351 2077 525 2144 Comonotis
546 2100 602 2168 per
623 2077 691 2154 haec
713 2077 881 2158 mentibus,
912 2077 947 2145 ἃ
969 2081 1016 2144 in-

93 2217 145 2264 ter
174 2219 207 2262 se
235 2191 397 2284 suspellis,
427 2191 598 2258 tironense
624 2207 787 2273 veterano,
821 2195 975 2286 legionem
998 2219 1015 2260 a

93 2311 218 2404 legione
239 2309 419 2378 dislociant.
443 2303 526 2372 Turn
548 2307 649 2374 redire
672 2309 831 2398 paullatim
854 2335 937 2378 arnor
961 2313 1015 2378 ob·

92 2429 203 2521 nequii:
227 2427 377 2499 omittunt
391 2442 511 2516 portas:
534 2425 640 2517 signa,
662 2445 755 2490 unum
770 2427 801 2492 in
815 2429 916 2494 locum
930 2429 1014 2517 prin-

94 2535 175 2634 cipio
196 2543 350 2610 seditionis
372 2559 580 2634 congregata,
611 2541 676 2621 suas
698 2542 731 2605 in
754 2539 838 2607 sedes
859 2539 1015 2608 referunt.

155 2655 282 2724 XXIX.
304 2655 442 2741 Drusus,
469 2677 539 2725 orto
561 2658 630 2740 die,
660 2655 696 2723 &
717 2674 824 2724 vocata
852 2660 1015 2740 concione,

98 2794 284 2868 quamquam
306 2771 387 2835 rudis
408 2773 547 2854 dicendi,
577 2775 736 2840 nobilitate
766 2773 903 2863 ingenita
926 2781 1016 2858 (ss),

96 2895 215 2959 incusat
237 2889 361 2980 priora,
384 2887 490 2976 probat
512 2889 692 2976 presentia.
716 2885 819 2980 Negat
840 2913 872 2956 se
893 2909 1034 2958 terrore.

99 3009 141 3086 li·
161 3010 258 3075 minis
279 3007 382 3073 vinci:
404 3001 506 3102 flexos
527 3004 570 3069 od
587 3004 765 3072 modestiam
788 3011 815 3072 sl
835 3007 958 3087 vinae,
987 3009 1017 3068 si

94 3123 250 3213 supplices
269 3121 395 3201 audiat,
410 3118 607 3206 scripturum
626 3123 734 3210 patri,
757 3142 791 3190 ut
809 3125 953 3214 placatus
974 3120 1017 3186 le-

100 3245 222 3324 gionum
242 3255 350 3327 preces
378 3241 547 3323 exciperet.
576 3237 760 3322 Oeensibus,
790 3259 909 3306 rursum
940 3233 1018 3301 idem

27 3360 31 3372 “
104 3353 220 3418 Blaesus
242 3351 277 3421 δ’(
298 3351 338 3420 L.
362 3353 540 3444 Apronius,
560 3375 652 3446 eques
673 3355 851 3433 Romanus,
872 3373 890 3416 e
911 3351 1017 3418 cohor-

35 3533 38 3538 .
102 3485 137 3549 te
161 3467 276 3550 Drusi,
299 3469 458 3564 Iustusque
473 3469 640 3554 Catonius,
665 3471 757 3561 primi
779 3468 889 3535 ordinis
910 3485 1024 3554 centu-¹
