2446 3942
206 305 244 369 3⁶
313 319 317 334 =
370 355 375 363 ,
423 279 734 355 ANNALIUM
764 277 864 353 LlB.
887 281 915 350 1.
991 280 993 290 '

203 434 391 506 tum'etiam
406 435 500 502 inter
532 435 653 518 hostes,
685 437 808 527 legatus
837 431 944 524 populi
969 427 1128 516 Romani,¹

203 551 354 621 Romanis
370 552 401 616 in
416 551 543 634 castris,
567 552 715 643 sanguine
729 573 783 616 suo
797 551 906 638 altaria
921 548 1015 616 deirm
1030 556 1128 634 (raa)

203 668 499 740 commaculavisset.
524 667 612 734 Luce
635 667 778 749 demum,
801 684 962 757 postquam
986 664 1067 746 dux,
1090 660 1127 730 δε

202 785 312 865 miles,
337 781 371 849 bt
394 781 471 849 falia
496 785 718 864 nosoebantur,
742 785 893 874 ingressus
917 798 1017 848 castra
1041 779 1128 846 Ger-

187 901 360 980 manicus,
392 901 518 990 perduci
541 900 579 966 ad
611 922 644 966 se
668 899 816 966 Plancum
848 901 1003 989 imperat,
1036 917 1127 962 rece-

202 1018 312 1108 pitque
335 1015 368 1080 in
392 1017 526 1084 tribunal
549 1023 660 1102 (123).
694 1011 779 1082 Tum
804 1015 936 1104 finalem
965 1014 1130 1103 increpans

201 1131 340 1212 rabiem,
369 1153 463 1220 neque
484 1132 639 1214 militum,
668 1132 726 1199 sed
745 1129 837 1199 detine
865 1135 916 1197 ira
945 1151 1129 1217 resurgere,

201 1271 257 1316 cur
281 1248 425 1314 venerint
449 1247 564 1337 legati,
596 1248 715 1335 aperit:
741 1252 800 1331 jus
822 1249 1005 1334 legationis,
1032 1226 1128 1331 utque

200 1365 303 1452 ipsius
324 1362 432 1426 Planci
449 1382 580 1448 gravem
603 1359 647 1434 im
669 1365 859 1427 immeritum
879 1383 1004 1442 casum,
1033 1359 1130 1426 simul

199 1489 352 1566 quantum
373 1475 529 1543 dedecoris
550 1476 665 1543 adierit
678 1476 774 1562 legio,
795 1473 926 1541 facunde
950 1476 1128 1543 miseratur:

200 1591 397 1680 attonitaque
420 1593 537 1684 magis,
559 1612 653 1684 quam
674 1591 780 1682 quieta
812 1591 978 1673 concione,
1007 1592 1128 1683 legatos
1210 1657 1211 1670 ἶ

200 1706 343 1801 praesidio
366 1707 561 1774 auxiliarium
584 1710 726 1799 equitum
748 1707 897 1774 dimittit.

257 1819 332 1890 XL.
356 1823 405 1892 Eo
436 1824 469 1891 in
502 1841 589 1890 metu
612 1833 706 1912 (124)
737 1813 870 1918 arguere
902 1822 1127 1890 Germanicum

199 1959 325 2022 omnes,
353 1942 437 2027 quod
456 1960 516 2010 non
538 1941 580 2008 ad
607 1945 802 2030 superiorem
830 1945 999 2008 exercitum
1018 1956 1128 2031 perge-

199 2071 270 2138 ret,
292 2055 344 2123 ubi
358 2055 524 2144 obsequia,
546 2055 590 2132 ἅφ
603 2076 714 2126 contra
728 2057 857 2126 rebelles
878 2033 1045 2125 suillium.
1067 2063 1127 2123 sa·
1209 2097 1210 2132 ξ

198 2174 246 2236 tis
274 2183 428 2255 superque
455 2175 623 2250 missione,
653 2172 697 2246 dm
722 2178 871 2261 pecunia,
910 2174 953 2250 im
983 2169 1126 2240 mollibus
1209 2145 1210 2182 ³

199 2281 351 2350 consultis
371 2299 548 2369 peccatum:
571 2285 624 2350 uel
644 2289 674 2349 si
695 2287 773 2352 uilis
796 2292 859 2373 ipsi
881 2289 988 2368 salus,
1010 2311 1066 2354 cur
1083 2284 1127 2368 fi-

199 2397 278 2464 lium
295 2398 485 2488 paruulum,
513 2421 569 2464 cur
594 2399 761 2485 gravidam
789 2405 945 2486 conjugem
972 2406 1056 2466 inter
1071 2403 1126 2488 fu-

200 2529 325 2596 rentes,
348 2510 392 2590 dn
411 2517 515 2582 omnis
537 2513 664 2581 humani
679 2518 769 2600 juris
791 2514 960 2582 violatores
975 2515 1126 2582 baberet?
1208 2539 1209 2542 ¹

199 2628 275 2698 illos
295 2628 408 2698 saltem
429 2653 509 2714 auo,
531 2628 575 2707 in
597 2632 773 2721 reipublice
788 2631 945 2698 redderet.
969 2631 1035 2700 Diu
1048 2655 1125 2698 cun-

199 2743 314 2828 uatus,
343 2765 560 2838 aspernantem
583 2755 679 2835 (125)
701 2769 849 2832 uxorem,
884 2770 956 2814 cum
986 2771 1020 2814 se
1051 2749 1124 2816 divo

197 2865 336 2948 Augusto
359 2880 484 2946 ortam,
508 2886 603 2950 neque
625 2865 798 2952 degenerem
821 2839 863 2932 eid
873 2865 1014 2953 pericula
1029 2880 1124 2930 testa-

198 2991 307 3058 retur,
329 2994 485 3066 postremo
509 2997 633 3050 uterum
656 2983 739 3063 ejus,
763 2979 798 3048 &
818 3001 1011 3048 communem
1026 2979 1123 3046 filium

197 3093 298 3156 multo
329 3092 401 3158 cuni
431 3095 508 3162 fletu
539 3098 737 3188 complexus,
769 3114 805 3163 ut
835 3097 933 3163 abiret
965 3096 1121 3184 perpulit.

198 3203 366 3308 Incedebat
387 3210 536 3278 muliebre
568 3211 603 3280 bt
625 3213 798 3280 miserabile
828 3233 960 3305 agmen,
991 3207 1120 3303 profuga

196 3319 283 3386 ducis
305 3347 383 3392 uxor
405 3327 567 3416 parvulum
589 3330 658 3396 sinu
680 3329 775 3397 filiurn
790 3351 921 3421 gerens3
945 3330 1118 3396 lementan·
1206 3399 1207 3412 χ

198 3441 248 3499 ²⁶³
268 3436 384 3514 circum
406 3442 574 3515 amicorum
593 3447 761 3540 conjuges,
792 3464 863 3540 quat
893 3446 983 3520 simul
1015 3444 1118 3546 trabe·¹
