2434 3940
215 351 279 396 200
419 313 728 392 ANNALIUM
757 318 855 388 LIB.
878 318 938 388 ΙΙΙ.

213 471 382 568 legionibus
411 473 622 558 salutaretur;
652 471 752 562 prisco
774 488 849 562 erga
877 473 970 538 duces
998 461 1140 555 bonore,

211 593 284 682 qui,
306 592 384 657 bene
405 605 495 682 gesta
517 587 692 678 republica,
718 587 849 680 gaudio,
877 583 911 654 dt
933 587 1056 678 impetu
1085 590 1138 656 vi-

210 707 300 774 iloris
322 706 477 773 exercitus
499 703 784 780 conclamabantur:
806 717 957 794 erantque
965 706 1069 794 plures
1090 705 1137 768 si-

210 823 274 890 mul
295 821 523 914 imperatores,
542 843 616 888 =nec
646 841 738 911 super
758 837 937 888 ceterorum
967 820 1135 911 aequalita⁴

211 956 293 1006 tem:
318 923 469 1008 concessit
492 936 668 1028 quibusdam
693 933 912 1030 &Augustus
942 937 972 1004 id
997 925 1136 1004 vocabu-
1169 974 1172 984 ·

211 1055 293 1144 lum,
314 1076 350 1122 ac
374 1071 449 1124 tunc
474 1049 618 1120 Tiberius
639 1052 739 1122 Blaeso
761 1071 968 1144 postremum.

427 1294 544 1356 Mortes
564 1287 701 1354 illustres
723 1285 767 1362 dp
781 1287 916 1372 funera.

266 1513 409 1585 LXXV.
431 1515 548 1584 Obiere
571 1535 611 1582 eo
631 1535 714 1582 anno
735 1513 794 1580 viri
815 1513 981 1600 inlustres,
1006 1513 1139 1584 Asinius

209 1629 390 1714 Saloninus,
412 1629 465 1698 M.
474 1627 617 1726 Agrippa
638 1628 822 1698 &Pollione
830 1624 939 1696 Asinio
961 1634 1044 1714 avis,
1067 1630 1138 1698 fra«
1213 1609 1214 1620 ἶ

209 1761 260 1812 tre
282 1746 387 1814 Druso
415 1748 567 1842 insignis,
596 1747 776 1838 Caesarique
805 1767 958 1838 progener
988 1747 1137 1813 destina-

210 1877 261 1928 tus
283 1871 401 1951 (149):
432 1863 466 1932 &
491 1860 609 1954 Capito
633 1860 773 1946 Ateius,
799 1864 920 1952 dequo
943 1863 1137 1943 memoravi,

212 1979 387 2070 principem
409 1980 442 2046 in
465 1980 593 2048 civitate
614 1981 716 2047 locum
746 1979 851 2048 studiis
886 1979 1022 2046 civilibus
1043 1977 1133 2044 adse·
1212 2007 1213 2070 p

211 2109 317 2179 cutus;
338 2095 391 2158 scd
413 2117 471 2160 avo
487 2097 673 2164 centurione
689 2093 834 2177 Sullano,
857 2111 947 2185 patre
965 2094 1132 2187 praetorio.

210 2202 417 2270 Consulatum
440 2207 471 2272 ei
491 2208 723 2276 adceleraverat
745 2207 927 2302 Augustus,
951 2229 985 2277 ut
1007 2209 1131 2278 Labeo-

211 2337 283 2384 nem
304 2313 505 2402 Antistium,
532 2321 641 2388 iisdem
661 2321 778 2404 artibus
797 2323 1058 2412 praecellentem,
1083 2327 1131 2392 di-

210 2432 357 2524 gnatione
384 2436 450 2514 ejus
478 2436 674 2526 magistratus
703 2437 869 2502 anteirera
898 2435 1038 2526 Namque
1069 2440 1131 2506 illa

199 2565 288 2616 'atas
307 2549 368 2617 duo
389 2551 471 2640 pacis
492 2551 604 2619 decora
624 2553 714 2618 simul
737 2552 835 2618 tulit:
867 2553 921 2620 sed
943 2551 1048 2620 Labeo
1082 2557 1130 2622 in-

210 2682 357 2755 corrupta
378 2667 540 2750 libertate,
562 2665 597 2735 &
620 2669 657 2736 ob
680 2668 709 2735 id
732 2663 811 2734 sama
834 2669 1033 2763 celebratior:
1060 2670 1126 2738 Ca·

210 2781 324 2870 pitonis
344 2784 520 2876 obsequium
549 2784 772 2852 dominantibus
794 2787 891 2878 magis
921 2785 1124 2876 probabatur.

209 2892 282 2976 Illi,
304 2901 385 2988 quod
406 2920 575 2991 praeturam
597 2901 678 2968 intra
701 2901 808 2983 stetit,
838 2902 1065 2968 commendatio
1086 2878 1123 2968 er
1201 2935 1205 2948 ¹

208 3009 336 3096 injuria,
359 3014 446 3098 huic,
468 3019 549 3108 quod
571 3020 762 3084 conadatum
779 3017 908 3108 adeptus
933 3036 999 3101 est,
1022 3019 1122 3085 odium

207 3149 247 3194 ex
271 3127 383 3194 invidia
404 3132 574 3200 oriebatur.

264 3241 422 3314 LXXVI.
445 3245 489 3311 Et
511 3246 617 3332 Junia,
639 3251 826 3343 sexagesimo
836 3264 946 3340 quarto
955 3263 1032 3341 *post
1049 3249 1121 3318 Phi·

204 3353 375 3442 lippensem
397 3361 494 3430 aciem
519 3384 620 3448 anno,
653 3389 828 3461 supremum
858 3366 939 3432 diem
963 3367 1117 3456 explevit,
1207 3351 1210 3420 l

202 3465 326 3540 Catone
347 3481 498 3552 auunculo
511 3483 639 3573 genita,
664 3479 811 3552 Geren
835 3505 931 3572 uxor,
956 3481 1008 3550 M.
1022 3482 1109 3550 Bruti
