2454 3938
108 263 847 346 AN.U.G.DCCLXX111.AER.CHR.20.
913 304 977 360 ¹59

42 417 91 491 ris
119 423 234 490 castris
260 417 457 488 adhaerebnt:
490 423 582 487 missu
605 421 699 510 patris
722 419 881 513 Apronius
897 423 982 496 Cae.

40 543 159 606 sianus
179 561 247 606 curn
270 540 377 628 equite
400 536 434 604 dt
450 537 625 603 cohortibus
640 537 817 623 auxiliariis,
839 547 907 632 quis
925 567 983 614 ve.

40 657 223 723 locissinros
245 656 402 748 legionum
424 653 604 736 addiderat,
626 659 980 744 prosperamadversum

40 771 205 842 Numidas
225 793 362 866 pugnam
384 769 481 852 facit,
502 771 656 861 pellitque
678 770 711 836 in
726 767 867 839 deserta.

100 1007 233 1096 Lepida
254 1005 386 1074 AEms‘lia
406 1001 551 1070 adulterii
573 1001 616 1080 ds·
637 1009 743 1074 oomni
767 1001 925 1092 defertur,
1008 1025 1011 1032 ·

409 1115 453 1195 ὅθ’
474 1120 655 1188 damnatur.

106 1345 234 1417 XXII.
265 1342 315 1416 At
337 1347 451 1417 Romae
473 1349 612 1442 Lepida,
628 1354 697 1436 cui,
719 1373 812 1444 super
833 1347 986 1418 AEmilio·

40 1489 118 1536 rum
146 1465 257 1549 decus,
281 1464 320 1532 L.
336 1465 420 1534 Sulla
433 1456 478 1536 'ac
493 1467 556 1536 Cn.
567 1467 730 1560 Pompcjus
752 1469 859 1558 proavi
874 1484 983 1550 erant,

43 1581 196 1651 defertur
217 1580 409 1652 simulavisse
436 1601 566 1674 partum
595 1601 632 1650 ert
656 1589 692 1648 P.
716 1587 858 1668 ,Quirinio
886 1585 984 1650 diuite

44 1718 148 1786 arque
169 1699 260 1764 orbo.-
289 1699 510 1780 adjiciebantur
525 1697 704 1780 adulteria,
727 1718 862 1783 uenena3
895 1721 982 1784 quae-

46 1818 207 1898 situmque
226 1827 283 1899 per
305 1813 461 1880 Chaldaeos
485 1822 556 1902 (4⁶)
580 1818 611 1881 in
624 1815 743 1882 domum
755 1817 912 1896 casaris,
926 1813 983 1878 de·

46 1926 206 1996 sendente
235 1949 320 1994 ream
342 1927 455 1996 Manio
477 1927 620 2020 Lepido,
649 1927 772 2000 fratre.
805 1927 983 2023 Qirinius,

47 2063 123 2134 post
147 2043 262 2110 dilium
284 2046 446 2133 repudium
470 2046 568 2112 adhuc
592 2044 752 2132 infensus,
773 2047 911 2140 quamvis
932 2043 981 2110 in·

49 2159 129 2226 lami
151 2183 188 2226 ac
211 2164 339 2226 nocenti
360 2155 590 2232 miserationem
610 2163 783 2232 addiderat.
815 2163 914 2231 Haud
935 2159 982 2230 sa-

50 2278 111 2344 tile
136 2276 205 2368 quis
226 2276 395 2366 dispexerit
416 2280 468 2346 illa
490 2283 520 2346 in
543 2282 721 2372 cognitione
735 2297 874 2348 mentem
889 2277 982 2347 Prin-

53 2392 145 2482 cipis:
171 2394 250 2460 adeo
273 2396 370 2461 vertit
392 2417 428 2460 ac
450 2396 571 2464 miscuit
599 2401 657 2464 irae
687 2397 723 2465 ὃς
743 2375 919 2464 clementiae
940 2397 981 2462 si-

53 2531 135 2597 gna,;
156 2510 341 2597 deprecatus
362 2511 466 2600 primo
486 2531 651 2597 senatum,
670 2537 707 2580 nr
723 2515 896 2597 majestatis
918 2515 981 2576 sris
1076 2594 1078 2598 Ι

55 2629 144 2710 mira
166 2625 388 2695 trullurentur:
412 2649 483 2696 mor
506 2630 558 2697 M.
578 2630 746 2698 ¹Servilium
769 2649 788 2693 e
811 2623 981 2692 consulari-

56 2735 128 2820 bus,
152 2735 287 2829 aliosque
310 2757 413 2810 testes·
425 2745 534 2813 inlexit
557 2741 816 2835 ad'proferenda',
839 2739 909 2832 qua·
927 2761 981 2808 ve-

59 2851 103 2918 lut
125 2855 262 2924 reticere
284 2859 425 2928 voluerat
453 2871 548 2948 (47)·
579 2859 729 2948 Idemque
757 2881 860 2930 seruos
882 2858 979 2952 Lepi·

63 2966 108 3033 dae
117 3018 127 3053 ,
140 2995 220 3040 -cum
244 2965 371 3043 militari
385 2977 524 3044 custodia
539 2973 746 3060 haberentur,
769 2979 926 3046 transtulit
941 2978 980 3046 ad

59 3089 211 3178 cousules5
235 3113 337 3182 neque
358 3115 414 3184 per
430 3109 585 3161 tormenta
601 3093 790 3186 interrogari
814 3117 915 3185 passus
929 3111 978 3159 est

61 3197 98 3263 de
118 3202 163 3270 his
171 3230 275 3296 ,quae
298 3206 337 3274 ad
361 3211 484 3278 domum
501 3229 591 3279 'suam
614 3211 826 3302 pertinerent.
851 3207 978 3275 Exemit

64 3317 151 3385 etiam
173 3319 335 3406 Drusum,
354 3321 513 3394 consulem
529 3329 740 3422 designatum,
762 3323 900 3406 di'cepdae
914 3320 979 3410 pri·

63 3445 110 3498 mo
137 3436 209 3502 loco
231 3442 418 3510 sententia:
446 3444 528 3536 quod
551 3435 602 3512 alii
629 3437 721 3512 civile
743 3442 916 3523 rebantur,
943 3461 979 3507 nr
