2474 3944
230 285 293 348 246
432 256 742 335 ANNALIUM
764 259 863 330 LlB.
888 256 953 334 IV.

229 421 264 490 δε
287 417 384 484 inulta
406 413 532 480 vulnera
554 407 660 478 fecere
675 418 787 499 (rar);
810 413 934 502 propius
955 411 1143 496 incedentes,

228 533 392 624 eruptione
417 529 516 596 subita
545 528 659 595 turbati
682 544 778 610 sunt,
810 530 988 620 receptique
1018 528 1143 596 subsidio

227 649 408 742 Sugambrae
428 643 584 727 cohortis,
615 667 707 734 quarn
730 641 888 711 Romanus
909 661 1087 736 promptam
1106 643 1143 712 al

226 745 381 858 pericula,
411 781 467 830 nec
490 762 588 826 minus
607 779 753 828 cantuum
776 759 812 828 bt
834 783 988 828 umorum
1009 761 1143 829 tumultu

226 899 366 962 trucem,
388 878 466 946 haud
489 878 596 967 procul
617 877 820 944 insenuerat.

284 994 446 1065 XLVlll.
474 991 639 1061 Translata
671 993 781 1060 debinc
801 1011 902 1062 castra
922 994 1038 1062 bonnm
1066 1017 1143 1084 pro·

225 1131 327 1206 pter,
365 1109 478 1179 relitlis
502 1111 582 1201 apud
613 1110 715 1202 priora
744 1113 934 1178 munimenta
954 1107 1142 1192 Thracibus,

224 1251 303 1320 quos
324 1229 407 1295 nobis
427 1223 557 1294 adfuisse
578 1227 761 1294 memorari:
782 1228 878 1316 iisque
892 1225 1070 1318 permissum
1083 1249 1142 1292 oa·
1215 1221 1216 1230 ’

225 1364 327 1424 stare,
349 1363 454 1422 urere,
475 1341 604 1408 trabere
620 1344 766 1428 praedas,
787 1344 858 1408 dum
868 1342 1025 1430 populatio
1045 1343 1142 1410 lucrm
1215 1379 1216 1384 κ

221 1463 306 1525 intra
328 1453 507 1534 sisterem,
529 1450 698 1540 muroque
720 1459 754 1519 ln
776 1459 890 1521 castris
910 1473 1014 1522 tutam
1034 1456 1080 1533 nr
1093 1462 1142 1526 ui·

215 1570 307 1660 gilenr
333 1583 538 1656 capesserent.
574 1566 612 1634 ld
633 1568 738 1657 primo
756 1583 933 1636 serratum:
964 1592 1038 1636 rnorr
1060 1573 1143 1639 versi

220 1686 252 1750 in
274 1684 399 1766 luxum,
427 1681 464 1750 bt
486 1683 582 1774 raptis
600 1683 764 1774 opulenti,
798 1683 945 1751 omittere
967 1684 1141 1768 stationes,

219 1801 342 1866 lascivia
362 1800 542 1890 epularum,
563 1816 617 1866 aut
638 1821 747 1866 mmno
768 1797 803 1868 bt
823 1799 897 1866 vino
916 1799 1140 1888 procumbere.

219 1914 323 2009 Igitur
344 1915 465 2000 hostes,
486 1917 602 1984 incuria
623 1937 730 1984 eorum
751 1931 927 2007 comperta,
955 1915 1015 1981 duo
1036 1919 1138 2009 agmi-

219 2057 260 2098 na
281 2051 414 2122 parant:
437 2053 569 2123 quorum
582 2033 682 2100 altero
697 2035 892 2125 populatores
904 2032 1135 2121 invaderentur5

217 2148 270 2213 alii
291 2166 389 2212 castra
405 2145 548 2213 Romana
568 2151 802 2242 adpugnarent,
824 2173 886 2216 non
908 2169 961 2239 spe
975 2149 1134 2239 capiendi,

215 2260 268 2325 sed
302 2277 338 2325 ut
366 2261 502 2326 clamore
514 2309 525 2343 ,
554 2261 645 2344 telis,
674 2284 729 2330 suo
763 2266 891 2354 quisque
919 2264 1057 2354 periculo
1086 2265 1134 2332 in-

214 2387 336 2457 tentus,
358 2397 498 2446 sonorem
519 2377 645 2442 alterius
668 2377 771 2467 proelii
793 2387 854 2444 noir
876 2380 1048 2467 acciperet:
1081 2397 1134 2446 te-

212 2487 320 2557 nebrae
341 2489 461 2581 insuper
482 2489 632 2574 deletae,
659 2495 828 2584 augendam
856 2494 894 2560 ad
917 2489 1131 2574 formidinem.

212 2602 273 2672 sed
295 2607 348 2698 qui
368 2607 481 2674 vallum
502 2607 656 2700 legionum
678 2609 859 2691 tentabant,
889 2605 978 2676 facile
1002 2610 1127 2699 pellun-

212 2737 282 2788 tur.
322 2719 478 2791 Thracum
499 2725 628 2808 auxilia,
662 2726 827 2816 repentino
847 2726 969 2792 incursu
998 2726 1125 2809 territa,
1210 2705 1212 2714 Α

210 2855 283 2901 rum
303 2861 375 2928 pars
394 2840 606 2908 munitionibus
627 2841 823 2923 adjacerent,
845 2841 948 2932 plures
961 2857 1050 2908 extra
1071 2865 1123 2932 pa-

205 2951 368 3035 larentur,
391 2973 481 3024 tanto
501 2953 645 3024 infensius
665 2960 765 3042 cato,
794 2975 910 3048 quanto
928 2957 1060 3046 perfhgae
1081 2957 1121 3032 lat

204 3067 395 3156 proditores,
426 3071 625 3157 stercorina
651 3075 695 3142 nd
712 3095 801 3142 suum
827 3078 999 3163 patrieque
1021 3077 1117 3141 seroi-

206 3187 284 3249 tium
292 3233 304 3266 ,
318 3183 547 3252 incusabantur.

271 3289 396 3366 XLIX.
420 3295 547 3368 Postera
568 3299 619 3368 die
635 3302 761 3371 Sabinus
782 3302 952 3371 exercitum
968 3325 1057 3395 aequo
1070 3304 1115 3370 lo-
1209 3281 1210 3294 ἵ

203 3423 242 3470 co
257 3414 412 3500 ostendit,
432 3415 605 3506 sibarbari,
627 3423 762 3494 successu
776 3417 869 3488 notus
884 3420 1016 3506 alacres,
1031 3443 1111 3512 pror·
