2432 3940
818 117 824 162 l

176 202 902 333 Au.u.e.uccuxv111.·len.cuna.
970 285 1009 338 n

97 407 241 476 territus.¹
263 403 364 497 Igitur
386 399 489 468 futura
512 401 659 482 volvens,
683 423 744 466 non
766 403 848 471 aliud
874 408 1026 495 reperit„

95 547 185 615 quam
200 507 362 588 uthostem
377 517 459 586 silvis
473 534 654 607 coerceret,
677 518 773 586 donet
789 521 900 604 saucii,
915 517 1014 613 quan-

92 659 222 728 tumque
245 635 392 732 gravioris
421 633 576 727 agminis,
607 634 786 701 anteirent:
817 661 887 704 nam
909 633 1013 708 medio

91 754 245 821 montium
275 751 477 843 &paludum
505 749 720 841 porrigebatur
740 751 911 840 planicies,
941 779 1012 846 quae

92 889 219 940 tenuem
234 871 333 938 aciem
341 882 521 958 pateretur.
545 865 741 957 Deliguntur
756 867 912 958 legiones,
926 873 1013 960 quin-

91 1005 125 1054 ta
146 987 259 1054 dextro
283 986 395 1068 lateri,;
427 982 645 1048 unetvicesima
668 981 701 1046 in
723 982 854 1069 laevum3
884 975 1016 1076 primani

88 1101 267 1172 ducendum
289 1101 327 1166 ad
350 1119 490 1188 agmen3
520 1099 719 1172 vicesimanus
749 1097 908 1206 adversum
929 1123 1014 1170 secu.

86 1235 196 1292 tutos·
225 1288 228 1293 ,
934 1271 937 1282 .

128 1411 130 1416 Ι
152 1331 265 1401 LXV.
290 1332 360 1402 Nou
375 1354 432 1424 per
447 1333 565 1401 diversa
588 1343 683 1424 (ης)
704 1331 839 1422 inquies:
862 1337 1014 1402 cumbas·

86 1449 156 1518 bari
179 1445 265 1512 festis
287 1449 401 1538 epulis,
425 1451 500 1516 lmto
515 1466 609 1518 cantu
619 1499 630 1532 ,
651 1466 705 1516 aut
721 1450 803 1516 truci
819 1471 928 1518 sonore
943 1453 1013 1518 sub-

87 1565 165 1649 jetln
182 1563 305 1630 vallium
321 1588 357 1630 ac
373 1567 560 1634 resultantes
584 1567 677 1633 saltus
693 1567 889 1656 complerent
898 1593 910 1658 ;
931 1559 1012 1656 apud

86 1681 248 1752 Romanos
271 1681 396 1748 invalidi
417 1684 533 1774 ignes,
564 1683 747 1772 interrupte
771 1705 886 1765 voces,
917 1702 1012 1774 atque

87 1798 148 1886 ipsi
171 1797 286 1885 passim
301 1798 478 1880 adjacerent
504 1798 606 1880 vallo,
644 1797 825 1865 oberrarent
850 1799 1012 1880 tentoriis,

86 1914 241 1980 insomnes
263 1915 360 2006 magis
382 1937 475 2002 quam
492 1913 676 2002 pervigiles.
698 1909 885 1996 Ducemque
902 1913 1013 1976 terruit

84 2028 154 2096 dira
176 2030 279 2118 quies:
305 2047 376 2094 nem
398 2025 602 2115 Quintlilium
624 2026 746 2092 Varum
769 2023 915 2116 sanguine
937 2025 1014 2093 obli,

84 2161 179 2223 tum,
203 2141 237 2206 cit
261 2141 417 2230 paludibus
439 2161 610 2220 emersum,
633 2161 761 2230 cernere
785 2139 820 2206 ἃ
842 2140 946 2206 audire
968 2141 1013 2210 vi-

85 2281 138 2324 sus
159 2271 226 2338 est,
252 2257 338 2323 velut
360 2274 542 2339 vocantem,
566 2280 626 2322 non
649 2274 754 2322 tamen
776 2258 954 2341 obsecutus,
976 2254 1012 2324 δε

85 2395 213 2442 manum
235 2372 424 2440 intendentis
447 2374 612 2464 repulisse.
651 2370 771 2464 Coepta
794 2375 880 2457 luce,
913 2376 1011 2440 missae

83 2491 117 2556 iu
142 2491 242 2556 latera
263 2489 401 2582 legiones
424 2509 532 2574 metu,
555 2513 590 2556 ac
604 2493 817 2570 contumacia,
839 2493 942 2554 locum
956 2490 1011 2553 de·

86 2595 237 2680 seruere:
276 2625 367 2694 capto
395 2630 528 2698 propere
552 2629 689 2697 campo,
721 2605 877 2674 humentia
906 2605 1011 2670 ultra.

86 2721 203 2808 Neque
225 2735 331 2784 tamen
347 2715 501 2789 Arminius
510 2723 523 2804 ,ἶ
544 2745 730 2814 quamquam
752 2723 849 2787 libero
873 2721 1012 2804 incursu,

89 2835 199 2903 statim
218 2835 384 2924 'prorupit:
409 2837 460 2900 sed
482 2855 517 2903 ut
540 2839 658 2904 haesere
672 2861 764 2906 coeno
786 2833 929 2930 fossisque
952 2837 1011 2904 imss

92 2953 291 3040 pedimenta‚
317 2951 431 3016 turbati
453 2951 568 3019 tircum
591 2952 724 3034 milites,
753 2953 886 3022 incertus
907 2957 1011 3048 signo-

92 3090 159 3136 rum
183 3068 279 3150 ordo,
302 3085 400 3157 utque
424 3068 479 3134 tali
493 3069 524 3134 in
540 3085 681 3158 tempore
694 3069 747 3136 sibi
761 3071 884 3162 quisque
899 3089 1012 3163 prope*

93 3204 163 3266 rus,
192 3182 226 3250 &
250 3185 346 3250 lentae
368 3185 528 3252 adversum
550 3185 676 3276 imperia
689 3210 810 3276 aures,
833 3189 1012 3275 inrumpere

9 3343 13 3350 -
94 3279 267 3368 Germanos
289 3301 394 3385 jubet,
416 3303 595 3386 clamitans,
625 3311 676 3370 En
696 3311 818 3386 Varus,
846 3289 890 3376 im
910 3303 1012 3370 rodem

95 3398 295 3501 iterum'sato
317 3417 408 3487 ville
430 3421 582 3508 legiones!
605 3420 703 3492 Simul
717 3420 801 3484 hmo:
824 3417 859 3485 tit
874 3443 942 3486 cum
956 3420 1011 3486 de-.
