2446 3942
187 291 835 368 AN.U.C.DCCLXV11.AER.CHR.
851 322 899 372 sa.
941 281 1001 377 ἐς

78 445 236 527 motibus,
251 449 401 538 pavebant
417 446 649 532 tetmbantque.
671 439 811 512 Tandem
826 447 1004 536 interrupto

72 562 241 646 tumultu,
264 565 369 630 literas
391 563 487 652 patris
508 560 641 638 recitat,
663 561 694 624 in
717 563 785 649 quis
798 562 1003 652 perscriptum

69 693 167 758 erat,
194 683 386 768 precipuum
416 682 480 767 ipsi
503 677 757 760 fortissimarum
779 675 925 763 legionum
947 693 1000 746 cte-

54 815 170 874 vranz,
206 795 385 880 quibuscum
418 795 559 881 plurima
587 789 668 854 bella
696 789 913 856 toleravisset.-
949 791 1011 858 ult·

65 913 218 996 primum
240 935 259 975 a
280 911 366 977 luslu
390 913 563 994 requiesset
593 907 737 984 animm,
764 901 903 972 allorum
924 907 1006 992 apud

66 1040 188 1110 patres
210 1026 245 1091 de
265 1023 438 1112 postulatis
459 1041 580 1090 eorum:
601 1024 729 1086 misisse
742 1023 869 1088 interim
886 1019 1004 1104 filium,

68 1159 111 1206 ut
134 1145 206 1204 sine
228 1137 418 1206 cunllatione
446 1137 635 1218 concederet,
665 1159 736 1222 qua
765 1141 875 1202 statim
903 1137 1004 1207 tribui

65 1269 229 1340 possent:
251 1271 350 1320 cetera
362 1257 488 1322 senatui
508 1253 681 1333 servanda,
705 1271 794 1336 quem
816 1274 911 1338 neque
925 1275 1005 1342 gra·

73 1372 136 1436 ts‘ae
158 1375 251 1454 (to),
278 1390 370 1455 neque
389 1371 572 1444 seueritatis
598 1383 752 1455 expertem
781 1363 907 1451 baberi,
934 1385 1001 1457 par

8 1565 9 1570 ἵ
67 1499 174 1548 esset.
215 1529 219 1539 ·

75 1653 79 1660 .
139 1597 269 1667 XXVI.
299 1599 492 1692 Responsum
521 1620 570 1668 est
600 1626 618 1670 a
645 1603 811 1685 concione,
847 1604 1000 1672 mandate

66 1716 221 1781 Clementi
242 1721 433 1798 centurioni,
464 1741 533 1804 qua
553 1719 726 1806 perferret.
756 1717 787 1784 1s
815 1721 934 1787 orditus
963 1719 999 1786 de

69 1834 224 1898 missione
244 1856 265 1896 a
285 1834 434 1900 sexdecim
455 1837 568 1900 anuis:
600 1835 633 1900 de
652 1837 798 1920 premiis
814 1832 916 1915 finita
938 1838 1000 1898 mi-

67 1947 171 2012 litia:
199 1964 235 2013 ut
265 1950 412 2015 maasias
442 1951 589 2014 diurnum
618 1948 804 2030 stipendium
825 1948 929 2030 sciret:
961 1965 1003 2012 ne

67 2042 218 2128 veterani
248 2061 306 2126 sub
333 2060 450 2127 casulo
480 2059 684 2144 haberentur.
714 2055 767 2126 Ad
797 2077 833 2126 ea
862 2058 1001 2143 Drusus,

68 2197 149 2242 cum
174 2174 333 2240 arbitrium
355 2173 475 2240 seenotus
495 2173 531 2240 dc
552 2175 649 2262 patris
662 2173 862 2259 obtenderet,
882 2175 998 2244 clamo-

68 2313 107 2356 re
131 2291 291 2356 turbatur.
313 2295 553 2372 conuenisset,
584 2312 677 2376 neque
695 2292 840 2378 augendis
860 2293 996 2362 utilitum

69 2407 260 2492 stipendis,
278 2416 372 2491 neque
393 2406 574 2472 adlevandis
587 2405 764 2488 laboribus,
786 2409 913 2494 denique
927 2413 996 2476 nul·

69 2523 102 2588 la
124 2521 322 2608 benefaciendi
336 2522 486 2588 licentia?
508 2541 560 2605 at,
582 2521 721 2604 hercule,
743 2507 875 2591 nerbera
889 2523 932 2598 iss
946 2545 997 2590 ne-

70 2659 140 2703 cem
161 2637 278 2702 cunllis
298 2642 457 2724 permitti:
480 2639 637 2706 Tiberium
660 2637 734 2706 olim
757 2625 876 2708 nomine
891 2647 995 2727 Augu·

71 2757 120 2818 s-ts'*
146 2751 300 2816 desideria
328 2752 479 2838 legionum
502 2756 665 2840 frustrari
696 2758 844 2824 solitum.-
877 2757 996 2824 easdem

70 2885 158 2934 artes
181 2874 324 2932 Drusum
348 2869 511 2934 retulisse.
534 2871 754 2956 Numquamne
768 2872 853 2939 adse
873 2878 935 2940 nisi
950 2871 996 2957 fi:

71 2983 131 3048 lios
153 2981 354 3070 familiarum
383 2985 559 3050 venturos?
586 3005 700 3052 novum
728 2989 765 3052 id
783 2990 892 3076 mane,
913 2990 998 3076 quod

69 3101 242 3185 imperator
257 3100 325 3166 sola
339 3099 457 3164 militis
470 3101 627 3167 commoda
646 3101 838 3189 adsenseum
853 3109 993 3188 rejiciat:

71 3215 204 3280 eumdem
224 3235 297 3302 ergo
320 3213 464 3300 senatum
494 3217 727 3302 consulendum,
758 3225 900 3308 quotiens
916 3215 993 3302 sup·

69 3327 165 3414 plicia
185 3347 238 3394 aut
257 3331 372 3417 prelia
391 3332 593 3417 indicantur,
614 3357 655 3400 an
674 3341 811 3422 praemia
825 3329 884 3396 sub
898 3329 992 3398 domi-

73 3449 122 3514 nis
137 3449 239 3543 (lt),
259 3461 365 3530 penas
386 3450 452 3548 sine
473 3447 598 3520 arbitro
620 3451 713 3518 esse?
