2446 3942
227 244 276 314 m
515 177 847 324 rurestria.

227 403 364 491 quidem
374 427 379 466 1
388 399 495 489 operis
512 401 659 470 maxima
674 401 793 490 periit3x
811 366 944 473 manent
960 416 1071 502 tamen
1090 398 1160 470 ini·-
1215 415 1216 418 ’

227 531 294 620 tia,
317 523 405 628 ¹quis
437 549 506 598 non
536 528 640 596 modo
672 550 819 616 expressa
853 531 1009 599 avara&
1034 547 1163 612 anceps

227 651 347 722 Galba
371 651 540 740 tenellus,
573 675 712 747 praeceps
736 655 882 724 Othonis
914 649 1071 740 ambulo,
1106 673 1161 718 sea
1215 673 1216 720 l

191 830 193 836 ,
226 779 305 869 gnis
327 771 363 850 si
388 775 477 846 foeda
502 777 630 849 Vitellii
655 778 841 871 ingluvies,
865 780 922 850 sed
939 779 974 851 &
991 775 1162 846 bellorum

228 900 384 970 civilium
408 919 510 988 artes,
543 899 759 992 fraudesque,
797 909 834 977 ἃ
858 906 999 992 scelera,
1032 906 1161 984 nraiore

231 1043 301 1100 arte
326 1029 488 1096 incertum
513 1050 556 1097 an
580 1027 776 1118 prudentia,
809 1030 851 1099 ad
883 1033 988 1098 totius
1011 1029 1074 1100 avi
1097 1025 1161 1092 do-

231 1143 452 1236 cumentum,
478 1148 697 1240 deteguntur.
731 1154 876 1224 Utinam.
894 1132 990 1225 nobis
1014 1175 1085 1222 nou
1108 1150 1162 1217 irr-

232 1278 369 1348 aidisset
393 1289 525 1358 tempus
549 1292 675 1358 partem
698 1275 855 1364 alteram,
889 1300 964 1364 quae
988 1276 1162 1364 providam

233 1397 428 1486 Vespasiani
444 1415 612 1486 mentem,
630 1397 770 1488 breves,
792 1424 901 1491 eoque
916 1403 1074 1489 cariores,
1100 1399 1161 1468 Ti-

234 1525 262 1592 ti
289 1525 426 1599 virtutes
449 1523 653 1610 explicabat!
680 1527 768 1596 Hac
793 1529 929 1614 quidem
953 1525 1077 1594 Flavia
1101 1525 1163 1591 do

234 1671 311 1720 mus
335 1631 464 1721 decora
480 1653 661 1738 excepisset
685 1671 779 1723 atrox
795 1653 982 1724 Domitiani
998 1650 1165 1737 nequitia.

234 1771 307 1861 At,
332 1774 387 1842 vel
414 1777 499 1844 inter
524 1775 638 1846 acerba
664 1777 822 1866 Principis
846 1777 991 1870 flagitia,
1024 1793 1119 1862 que,
1144 1793 1164 1846 a

235 1899 432 1988 gravissimo
455 1903 612 1990 scriptore
637 1921 837 1990 memorata,
870 1901 1006 1972 fuissent
1030 1919 1165 1990 magna·

235 2045 314 2094 sum
329 2023 573 2112 cogitationum
590 2027 755 2115 fecunda,
770 2031 913 2108 juvasset
929 2026 1060 2111 adhuc,
1076 2022 1167 2109 quod

237 2144 431 2214 summatim
455 2144 552 2208 initio
565 2149 683 2230 operis
707 2150 773 2231 ipse
791 2154 929 2216 Tacitus
944 2149 1086 2232 prodidit
1101 2149 1167 2232 (a),
1192 2122 1194 2127 Ι

242 2266 352 2353 ampla
377 2267 539 2346 virtutum
557 2267 732 2354 exempla,
757 2283 924 2360 supremas
940 2268 1103 2336 clarorum
1118 2273 1168 2336 vi

241 2413 355 2462 rorum
379 2391 606 2480 necessitates,
639 2393 809 2482 ipsamque
832 2393 1065 2465 necessitatem·
1078 2393 1169 2472 forti,-

238 2527 293 2590 .ter
315 2517 488 2586 toleratam
512 2503 729 2608 cognoscere.
757 2519 956 2606 Numquam
980 2519 1071 2588 enim
1091 2519 1168 2587 illu.

233 2649 358 2724 seriora
382 2661 458 2722 sunt
484 2645 613 2712 virtutis
637 2645 854 2733 certamina„
872 2667 974 2733 quam
1005 2665 1083 2714 cum
1106 2645 1166 2710 du-

233 2775 315 2848 rius
340 2775 517 2870 premitum
540 2773 598 2856 δε,
623 2788 661 2838 ut
685 2772 770 2840 inter
794 2787 1025 2858 tempestatum
1042 2769 1169 2838 horrida

246 2903 386 2976 acriores
408 2900 551 2976 emicant
575 2875 687 2986 ignes,
713 2900 758 2966 sic
783 2899 868 2968 inter
892 2913 1078 2984 temporum
1101 2893 1169 2964 feta

245 3025 392 3098 vividior
415 3024 592 3112 puriorque
617 3025 764 3114 exsurgit
788 3007 908 3092 virms'.
1016 3002 1026 3035 ³

293 3147 370 3218 Post
396 3150 481 3219 hanc
506 3149 731 3218 Historiarum
755 3167 888 3234 curam,
915 3142 1054 3214 Tacitus
1076 3162 1166 3230 supe-

247 3257 370 3346 riorem
401 3274 531 3361 imperii.
557 3275 757 3346 -memoriam
790 3269 984 3357 narrandam
1014 3268 1165 3354 suscepit3

251 3455 297 3532 (a)
317 3425 400 3516 Tacit.
418 3455 488 3516 Hist-
506 3459 532 3521 1,
553 3475 578 3520 ς.
