2432 3940
236 298 275 348 ⁶0
462 235 762 346 namnetum
790 268 887 346 trn.
909 271 936 346 r.

227 423 551 540 circumfunduntur,
561 423 798 513 exprobrantes,
821 449 880 494 non
895 427 945 494 hic
958 427 1075 508 silvas,
1098 445 1146 492 net

229 545 375 635 paludes,
397 543 454 608 sed
471 544 571 627 aquis
593 540 663 606 locis
684 562 788 628 aequos
811 543 879 608 deor
902 549 955 631 (rt
962 551 1008 633 3).
1032 541 1145 622 Hosti,
1198 553 1199 634 l

231 657 321 728 facile
343 654 572 739 excidium,'·&
595 678 706 744 paucos
728 655 762 722 dt
785 679 949 726 semermos
980 653 1148 750 cogitanti,

225 797 319 842 sonus
341 773 500 855 tubarum,-
528 769 631 864 fulgor
654 795 829 856 armorum,
862 793 976 865 quanto
1006 774 1148 864 inopina,

224 909 319 958 tanto
348 894 463 973 majore
494 867 708 958 offunduntur:
739 890 964 982 cadebantque,
997 906 1033 956 ut
1062 889 1149 956 rebus

223 1006 369 1074 secundis
398 1006 499 1088 avidi,
528 1006 572 1070 ita
601 1005 734 1071 adversis
762 1006 895 1075 incauti.
921 1003 1080 1074 Arminius
1102 1005 1149 1104 in*
1198 989 1199 1074 l

229 1141 343 1218 teger,
366 1122 580 1216 Inguiomerus
603 1135 672 1209 post
686 1143 782 1212 grave
797 1125 926 1206 vulnus,
948 1143 1081 1216 pugnam
1095 1121 1149 1187 de*

224 1263 369 1308 seruere:
393 1239 502 1326 vulgus
525 1235 711 1300 trucidatum
734 1253 807 1319 est,
835 1240 936 1306 donec
966 1240 1011 1304 ira
1033 1236 1068 1304 dt
1089 1236 1148 1302 dies

226 1351 415 1442 permansit.
440 1347 537 1415 Nobis
559 1347 683 1412 demum
706 1371 840 1414 reversae
862 1353 1018 1442 legiones,
1047 1375 1147 1442 quam⁴

228 1469 273 1534 vis
296 1467 364 1555 plus
385 1447 566 1542 vulnerum,
594 1460 702 1527 eadem
730 1463 868 1529 ciborum
885 1484 1017 1556 ¹egestas
1039 1464 1148 1559 fatiga*

225 1597 297 1662 ret,
320 1581 400 1662 vim,
423 1579 604 1660 sanitatem,
627 1577 749 1666 copias,
770 1577 887 1650 cuneta,
900 1579 933 1645 in
949 1581 1074 1648 vidioria
1097 1583 1149 1648 ha*

228 1700 321 1766 bitere
344 1703 457 1784 (184).

285 1811 408 1879 LXle
437 1810 618 1878 Pervaserat
648 1811 774 1880 interim
803 1793 1005 1880 'circumuenti
1034 1811 1150 1879 exerei-

226 1947 277 1996 tus
291 1925 391 2012 fama,
412 1926 446 1994 dt
462 1928 807 2014 infestoGermanorum
820 1931 942 2018 agmine
957 1929 1077 1996 Gallias
1097 1945 1148 2016 pe-

225 2051 272 2113 ti:
293 2069 328 2111 ac
343 2047 374 2110 ni
390 2040 566 2136 Agrippina
589 2044 766 2136 impositum
783 2041 896 2110 Rheno
913 2061 1041 2133 pontem
1056 2051 1148 2130 (185)

224 2159 305 2223 solvi
326 2157 546 2245 prohibuisset,
570 2177 679 2238 erant,
710 2160 814 2244 quiid
838 2160 990 2252 flagitium
1013 2156 1146 2224 formidi·
1198 2143 1199 2212 l

225 2293 266 2338 ne
280 2271 447 2336 auderent.
470 2268 531 2336 Sed
546 2267 679 2351 femina,
702 2270 812 2359 ingens
834 2275 946 2355 animi,
968 2275 1071 2340 munia
1094 2275 1147 2340 du-

225 2387 268 2450 cis
282 2407 338 2476 per
354 2406 405 2449 eos
417 2383 481 2450 dies
503 2383 622 2468 induit,
644 2382 870 2474 militibusque,
895 2405 930 2451 ut
953 2389 1020 2474 quis
1039 2391 1148 2478 inops,

224 2519 279 2568 aut
302 2501 446 2582 sautius,
461 2517 579 2566 vestem
602 2497 789 2566 &fomenta
812 2509 904 2587 (18⁶)
925 2501 1069 2592 dilargita
1086 2523 1147 2568 est.
1198 2537 1199 2584 3

225 2613 338 2684 Tradit
355 2617 395 2685 Cr
403 2615 539 2698 Plinius,
562 2615 822 2682 Germanicorum
838 2613 989 2683 bellorum
1004 2617 1147 2707 scriptor,
1198 2599 1199 2668 j

223 2736 343 2800 stetisse
370 2733 450 2823 apud
480 2733 664 2823 principium
693 2733 816 2822 pontis,
846 2732 951 2798 laudes
979 2730 1025 2800 dc·
1045 2751 1146 2824 grates

223 2850 353 2912 reversis
382 2850 552 2940 legionibus
582 2847 769 2915 habentem.
799 2847 834 2915 ld
864 2845 984 2914 Tiberii
1013 2851 1144 2916 animum

223 2961 315 3027 altius
337 2967 532 3051 penetravit.
560 2966 639 3032 Non
669 2968 750 3032 eninr
779 2963 931 3052 simplices
955 2986 1007 3030 ees
1029 2987 1144 3034 curas:

222 3099 276 3144 nec
304 3079 463 3148 adversus,
486 3097 625 3147 externos
653 3081 785 3147 militem
816 3083 934 3166 queri:
964 3075 1045 3146 nihil
1073 3081 1146 3148 reli«-

222 3193 590 3288 dlumimperatoribum
613 3194 663 3260 ubi
679 3196 801 3282 fernim
822 3194 994 3284 manipulos
1010 3196 1141 3264 intervi-
1196 3169 1199 3188 l

222 3326 291 3390 rat,
313 3313 402 3397 signa
423 3308 531 3390 adem,
553 3308 748 3397 hrgitienrm
771 3325 886 3392 tentet,
908 3328 1068 3396 tamquam
1087 3329 1141 3400 pa-

223 3445 294 3488 rum
319 3424 480 3494 ambitiose
496 3421 603 3508 filiurn
624 3428 708 3494 ducis
726 3425 843 3514 gregali
865 3425 971 3496 habitu
985 3426 1141 3514 circumfe-
