2432 3940
229 326 274 400 so
450 281 760 358 nuunururu
789 285 887 354 ΗΒ.
912 273 938 355 1.

231 476 249 519 a
277 449 346 538 quis
373 439 659 526 circumsidebatur3
688 437 834 504 validiore
862 437 943 528 apud
974 459 1027 503 eos
1050 423 1157 505 Armi·
1207 447 1208 450 ’

232 567 303 646 nio,
325 558 447 649 quando
469 557 583 624 bellum
605 545 764 624 suadebat.
788 553 868 622 Nam
891 554 1039 636 barbaris,
1060 579 1157 646 quan·

232 699 267 748 to
289 677 356 769 quis
378 674 501 742 audacia
515 685 683 764 promptus
690 710 701 754 ,-
725 681 813 738 tanto
828 674 924 763 magis
938 671 1032 756 fidus,
1055 673 1158 741 rebus·

233 819 293 887 que
316 789 408 860 motis
431 791 535 883 potior
564 789 710 858 habetur.-
742 782 916 880 Addiderat
939 789 1085 882 Segestes
1115 787 1158 853 le·

233 912 313 1006 gatis
335 910 448 992 filium,
471 907 595 975 nomine
618 897 855 999 Segimundum}
878 907 932 986 sed
954 905 1072 988 juvenis
1084 927 1158 970 cun-

235 1025 361 1096 scientia
389 1013 598 1092 cundiabatur:
626 1023 742 1114 quippe
769 1045 868 1106 anno3
896 1041 958 1113 quo
980 1021 1158 1090 Germaniae

234 1143 408 1226 descivere,
428 1141 583 1222 sacerdos,-
605 1139 685 1228 apud
709 1136 807 1206 Aram
829 1137 985 1207 Ubiorum
1014 1130 1158 1218 creatus,

235 1277 361 1350 ruperat
384 1260 494 1340 vittas,
516 1253 664 1346 profugus
686 1255 724 1322 ad
753 1255 901 1350 rebelless
930 1246 1089 1324 Addudlus
1111 1271 1156 1320 ta-

234 1393 307 1440 men
329 1375 360 1438 in
390 1395 476 1462 spem
506 1371 682 1438 clementiae
704 1369 876 1454 Romanae,-
904 1373 1035 1464 pertulit
1063 1370 1156 1463 patris

235 1489 395 1572 mandata,
417 1488 611 1579 benigneque
633 1502 780 1577 exceptus
801 1507 872 1556 cum
895 1489 1037 1579 praesidio
1059 1485 1157 1554 Galli-

235 1623 303 1672 cum
339 1605 370 1670 in
407 1605 505 1695 ripam
540 1606 647 1670 missus
683 1619 749 1672 est.
798 1603 989 1672 Germanico
1024 1603 1157 1694 pretium
1207 1647 1208 1650 =

235 1719 294 1788 fuit
323 1727 437 1808 (160),
473 1737 659 1790 convertere
696 1740 825 1815 agmen}
860 1731 1095 1814 pugnatumque
1128 1721 1159 1782 in
1207 1769 1208 1806 p

124 1903 127 1916 1
236 1837 427 1920 obsidentes,
458 1835 645 1926 &ereptus
672 1840 818 1932 Segestes
849 1847 960 1931 magns
988 1859 1059 1903 cum
1087 1857 1157 1925 pru·

237 1950 423 2044 pinquorum
445 1951 480 2020 dt
502 1953 661 2022 clientium
684 1979 792 2022 manu.
815 1955 944 2022 Inerant
965 1950 1090 2020 seminae
1105 1974 1157 2018 no-

237 2069 331 2152 biles,
355 2065 438 2136 inter
460 2087 533 2159 quas
555 2093 633 2138 uxor
656 2067 811 2154 Arminii,
833 2072 1002 2161 eademque
1025 2058 1084 2136 filia
1104 2068 1156 2136 Se*

238 2181 351 2273 gestis,
380 2181 485 2246 mariti
513 2185 610 2274 magis
640 2207 731 2273 quam
748 2190 889 2276 parentis
911 2189 1032 2270 animo,
1061 2204 1157 2276 neque
1205 2255 1206 2280 p

238 2295 315 2362 vida
337 2296 368 2360 in
391 2292 557 2377 lacrymas,
580 2315 681 2388 neque
703 2321 780 2368 voce
809 2303 955 2390 supplex,
983 2301 1158 2393 compressis

238 2409 320 2478 intra
348 2411 447 2478 sinum
476 2413 630 2495 manibus,
666 2415 826 2505 gravidum
863 2433 988 2482 uterum
1023 2419 1158 2484 intuens.

238 2529 430 2596 Ferebantur
452 2527 486 2596 ὅ(
509 2531 602 2620 spolia
625 2530 773 2600 Varianae
795 2529 910 2613 cladis,
933 2529 1086 2622 plerisque
1108 2554 1158 2597 eu·
1204 2561 1205 2617 3

185 2664 189 2673 '
237 2663 325 2728 nun,
348 2646 401 2735 qui
423 2659 489 2712 tum
511 2647 542 2714 in
563 2641 753 2714 deditionem
777 2646 958 2732 veniebant,
981 2649 1095 2738 praedae
1108 2649 1157 2716 da-

181 2799 184 2812 ·
238 2779 289 2828 ta.
312 2761 408 2830 Simul
431 2761 575 2855 Segestes
596 2763 661 2854 ipse
666 2807 680 2846 ,
708 2765 817 2857 iugens
846 2765 911 2832 visu
919 2813 930 2851 ,
958 2759 1157 2851 &memoria
1203 2811 1204 2828 ἶ

238 2877 326 2944 bonae
348 2878 503 2946 societatis
524 2881 708 2972 impavidust
738 2880 830 2949 verba
852 2886 917 2967 ejus
937 2883 970 2950 in
993 2883 1074 2950 hunc
1094 2906 1156 2948 mu-

238 2989 310 3060 dum
331 2985 434 3060 fuere.

296 3105 422 3176 LVIII.
452 3115 530 3181 Non
559 3110 609 3184 bic
645 3107 723 3191 nihi
749 3113 876 3204 primus
904 3133 980 3206 erga
1012 3113 1155 3202 pupulum

238 3227 409 3292 Romanum
424 3223 501 3307 fidei
522 3229 565 3304 dur
588 3235 769 3300 constantia?
794 3233 877 3300 aies:
907 3253 943 3300 ex
966 3254 1026 3318 quu
1047 3255 1067 3297 a
1088 3233 1154 3299 divo
1201 3257 1202 3264 ¹

237 3345 375 3428 Augusto
397 3343 524 3412 civitate
545 3347 677 3418 donatus
698 3370 786 3432 sum,
813 3349 930 3418 amicos
960 3349 1155 3435 ininu‘cosque

237 3475 273 3520 ex
300 3465 421 3528 vestris
441 3461 631 3532 utilitatibus
662 3465 773 3555 delegi:
803 3487 897 3556 neque
926 3467 996 3543 odio
1024 3473 1154 3560 patrie,
1200 3441 1201 3507 3
