2434 3940
212 309 273 362 194
410 271 720 350 ANNALIUM
748 277 846 348 LlB.
869 271 930 347 Ill.

266 427 412 501 LXVII.
436 427 565 498 Auxere
587 451 748 496 numerum
769 448 979 496 accusatorum
1001 422 1129 494 Gellius

207 547 364 640 Poplicola
388 545 423 613 ἃ
444 545 496 612 Μ.
518 545 684 614 Paconius:
707 547 760 614 ille
781 564 916 636 quaestor
937 543 1052 626 Silani,
1076 543 1128 610 hic

208 665 348 758 legatus.
371 661 439 732 Nec
460 663 583 731 dubium
599 663 781 745 habebatur,
803 663 929 732 saevitiae
951 678 1126 750 captarum·

208 803 269 870 que
290 782 488 870 pecuniarum
510 780 613 848 teneri
633 803 739 848 reum:
761 780 814 903 spd
827 782 926 847 multa
938 777 1126 870 adgereban-

209 913 262 962 tur
284 895 378 962 etiam
391 897 558 963 insontibus
573 898 871 988 periculosaycum,
892 916 982 985 super
1007 910 1056 960 tot
1077 913 1127 958 se-

209 1029 335 1079 natores
357 1014 514 1096 adversos,
536 1010 753 1082 facundissimis
775 1014 869 1080 totius
891 1008 993 1090 Asiae,
1022 1030 1129 1097 eoque

210 1126 250 1194 ad
274 1131 476 1198 accusandum
499 1129 621 1197 delestis
643 1131 844 1220 responderet
859 1127 954 1210 solus,
977 1123 1010 1192 dt
1030 1146 1127 1190 oran-

209 1245 244 1314 di
266 1245 405 1328 nescius,
426 1247 551 1336 proprio
572 1247 604 1312 in
628 1263 728 1328 metu,
749 1246 801 1336 qui
814 1247 983 1313 exercitam
1005 1259 1129 1330 quoque

208 1361 421 1448 eloquentiam
436 1360 591 1424 debilitat:
605 1383 668 1426 non
684 1376 881 1448 temperante
890 1359 1039 1440 Tiberio,
1053 1356 1130 1445 quin
1207 1433 1208 1458 χ

183 1560 185 1569 y
207 1491 368 1563 premeret
390 1495 485 1553 voce,
509 1475 615 1554 vultu,
640 1497 678 1540 eo
703 1473 783 1562 quod
797 1474 862 1562 ipse
875 1474 1065 1541 creberrime
1081 1473 1130 1538 in-

209 1589 402 1680 terrogabat:
429 1609 530 1678 neque
551 1585 714 1672 refellere,
739 1605 793 1655 aut
809 1589 955 1671 eludere,
978 1588 1132 1675 dabatur3

208 1726 245 1772 ac
269 1725 352 1796 saepe
374 1704 469 1772 etiam
491 1703 696 1772 confitendum
718 1721 805 1788 erat,
838 1727 878 1772 ne
902 1702 1014 1772 frustra
1037 1723 1133 1790 quae-

202 1821 345 1899 sivisset.
367 1820 479 1889 Servos
500 1843 622 1914 quoque
645 1821 761 1906 Silani,
783 1839 818 1888 ut
842 1820 1006 1888 tormentis
1027 1817 1131 1884 intet-

210 1953 416 2031 rogarentur,
440 1937 522 2006 ador
544 1939 682 2032 publicus
706 1944 798 2030 (137)
823 1938 973 2029 mancipio
999 1954 1131 2024 accepe-

211 2073 278 2124 rat:
302 2053 337 2121 dt
351 2078 391 2122 ne
404 2057 473 2143 quis
486 2056 723 2126 necessariorum
739 2059 861 2139 juvaret
880 2054 1130 2146 periclitantem,

211 2170 379 2247 majestatis
399 2170 527 2234 crImina
549 2174 773 2254 subdebantur,
803 2171 937 2244 vinclum
970 2169 1005 2238 ἃ
1023 2169 1128 2238 neces·

209 2283 282 2346 sitas
302 2281 428 2349 silendi.
451 2281 555 2374 Igitur
575 2285 679 2374 petito
699 2307 865 2374 paucorum
887 2287 1008 2352 dierum
1028 2287 1130 2351 inter·
1153 2315 1155 2320 ·

210 2393 312 2477 jeddu,
334 2392 543 2482 defensionem
565 2401 611 2465 sui
633 2399 785 2482 deseruit,
809 2398 888 2466 ausis
907 2401 945 2465 ed
968 2399 1132 2466 Caesarem
1205 2391 1206 2418 ¹

209 2509 480 2601 codicillis(138),
501 2513 609 2606 quibus
623 2513 768 2582 invidiam
782 2511 939 2603 &preces
945 2515 1130 2582 miscuerat.

269 2625 431 2698 LXVIII.
447 2627 606 2716 Tiberius,
628 2651 698 2722 quae
709 2630 740 2697 in
748 2627 884 2698 Silanum
899 2631 1042 2721 parabat,
1066 2653 1128 2721 quo

209 2744 383 2816 excusatius
394 2745 448 2814 sub
464 2749 608 2840 exemplo
620 2747 846 2840 acciperentur,
860 2747 979 2814 libellos
986 2748 1050 2815 divi
1058 2741 1126 2814 Au-

209 2859 296 2950 gusti
316 2861 356 2927 de
379 2862 501 2933 Voleso
523 2865 680 2948 Messala,
702 2867 839 2948 ejusdem
853 2860 939 2931 Asia
961 2886 1123 2956 proconsu-

209 2973 261 3057 le,
282 2971 457 3068 fatlumque
477 2982 511 3048 in
532 3004 604 3050 eum
621 2982 915 3051 senatusconsultum
930 2981 1055 3049 recitari
1079 2983 1123 3062 ju·

8 3073 13 3086 ’
98 3106 101 3114 ’
208 3089 279 3158 bet.
301 3084 388 3157 Tum
409 3089 450 3160 L.
472 3095 616 3166 Pisonem
638 3097 823 3168 sententiam
840 3099 947 3190 rogat:
971 3097 1025 3164 ille
1047 3093 1123 3162 mul-

208 3222 277 3274 tum
300 3207 521 3280 decumana
543 3219 701 3302 Principis
722 3211 897 3305 praefatus,
925 3227 1121 3300 equitatque

206 3323 389 3405 ignistlano
408 3327 648 3398 itterdicendum
669 3331 808 3412 censuit,
832 3334 996 3419 ipsumque
1020 3333 1054 3397 in
1075 3333 1121 3396 ln·

201 3433 308 3520 Illam
316 3445 457 3548 &naum
472 3445 682 3542 relegandum.
705 3446 822 3518 Eadem
836 3445 956 3536 ceteri,
970 3447 1027 3514 nisl
1042 3439 1119 3538 quod
