2538 3948
326 253 629 336 missuum
658 245 844 342 som?
977 279 1035 340 so

119 399 185 480 (η)
202 385 344 458 &Arnis-
365 398 415 454 Alii
433 396 521 466 legunt
534 397 645 452 Cautio.
663 400 740 452 Certe
755 395 843 452 Cautii
859 409 953 450 nomen
966 396 1038 464 igno.

162 489 233 535 tum,
249 488 295 526 nec
312 469 371 524 alibi
390 472 416 521 in
435 469 507 522 rebus
524 469 681 524 Germanicis
705 469 827 524 occurrit.
851 467 1038 522 Freinshemius

160 543 243 602 mallet
259 545 314 602 Cn.
333 541 444 606 senti,
461 543 505 615 qui
522 555 622 601 mortuo
638 540 791 598 Gummico
807 541 883 608 Syrie
906 539 1039 608 preficitur

157 617 224 674 infra
278 653 286 670 .

119 632 446 768 (turrinimittmdum
459 681 622 744 adbellum.
641 688 679 740 Sic
688 685 782 738 Plinius
789 689 913 754 Panegyt.
925 702 964 738 ιι.
979 691 1038 738 Da-

157 759 270 819 nubius.
280 755 426 818 ..duratus
437 755 524 832 glacie
542 760 664 836 ingentia
680 769 709 814 te
773 753 844 812 bolla
860 769 1038 832 transportat.

118 832 182 906 (ις)
201 838 278 885 Dum
302 829 449 903 adiguntur
471 850 571 894 naves.
600 840 671 891 Dum
695 849 711 888 a
752 828 861 888 insulam
886 832 1039 888 Batavorum

125 903 129 912 ’“
157 903 298 971 ριωάῐᾶειῐι
314 902 488 972 appelluntut.
746 935 750 946 ·

114 972 368 1048 (1⁶)Tumulum.
388 975 506 1048 intellige
523 976 719 1046 cenotaphium,
743 975 841 1042 dequo
860 977 931 1028 Ann.
953 993 977 1037 r,
995 985 1039 1028 or.

118 1049 181 1128 (17)
198 1057 320 1104 Veterem
336 1065 426 1104 atain.
445 1056 485 1104 De
503 1048 634 1107 honorario
651 1049 693 1102 illo
708 1047 805 1104 tumulo
818 1063 876 1104 cum
888 1063 948 1116 ara,
964 1064 1040 1112 quem

157 1122 281 1174 exercitus
299 1127 382 1178 Druso
400 1122 540 1184 excitavit,
564 1131 588 1174 ur
612 1123 676 1174 circa
700 1136 774 1187 quem
800 1133 867 1172 stato
892 1120 931 1172 die
949 1121 1041 1174 milites

157 1192 337 1258 decurrebant,
354 1201 378 1246 ut
395 1193 534 1254 Galliarum
551 1194 667 1254 ciuitates
685 1191 780 1266 publice
797 1190 986 1262 supplicabant,
1002 1191 1042 1248 vi.

157 1267 254 1318 dendus
272 1266 405 1326 suetonius
422 1266 449 1318 in
467 1267 573 1320 Claudio
592 1285 615 1320 r.

120 1337 183 1416 (18)
199 1342 275 1392 Inter
290 1333 431 1392 castellum
445 1335 602 1396 Alisonem.
620 1343 678 1392 Hoc
692 1339 797 1393 nomine
811 1337 973 1406 designatur,
987 1355 1040 1392 non

159 1411 253 1467 fluvius
269 1408 352 1474 Aliso,
369 1409 413 1462 sed
430 1407 560 1468 castellum
576 1428 593 1464 a
609 1415 695 1466 Druso
711 1411 744 1464 ad
760 1411 865 1478 Luppioe
890 1417 914 1464 ur
933 1409 1041 1462 Alisonis

160 1485 326 1536 confluentes·
341 1485 494 1540 exstmcium
509 1520 529 1540 ..
549 1485 638 1550 ltaque
662 1481 823 1542 distiuiiiune
849 1497 925 1548 quam
950 1495 1048 1544 tenent„

161 1553 258 1622 vulgati
275 1552 338 1606 nihil
355 1567 392 1606 est
410 1571 487 1621 opus.

118 1624 181 1702 (ω)
199 1631 321 1688 fossam.
340 1627 423 1692 Quam
440 1634 538 1683 Drusus
556 1626 677 1682 Rhenum
695 1629 762 1683 iuter
787 1623 909 1682 &Salam
933 1630 1041 1684 duviurn

158 1699 214 1750 ldeo
231 1712 399 1763 percusserat,
416 1713 444 1752 ut
462 1699 564 1754 classem
582 1699 628 1752 hac
646 1716 703 1752 cum
729 1700 842 1752 exercitu
866 1715 899 1750 ex
917 1701 1041 1766 superiore

160 1769 248 1827 Rheni
266 1783 334 1834 parte
353 1771 380 1820 in
397 1769 478 1830 lacum
496 1779 520 1824 ur
539 1775 671 1829 oceanum
695 1769 846 1835 deduceret,
869 1771 961 1826 Frisios
977 1773 1041 1840 peti·

159 1855 231 1899 turus
248 1847 272 1891 dr
289 1839 418 1898 Chaucos.

121 1909 387 1990 (20)Lacus1'nde.
405 1911 488 1973 Plures
506 1914 573 1968 enim
591 1911 659 1968 lacus
676 1913 763 1974 fuere,
781 1925 900 1978 terreque
918 1915 1042 1969 intereos

162 1984 295 2042 habitasse.
314 1984 397 2042 Hodie
416 2001 481 2038 unus
499 1998 554 2052 est,
570 2001 645 2050 quem
662 1981 812 2056 Zuydorsle
829 1983 969 2050 appellant.

121 2056 183 2137 (ιι)
200 2053 302 2112 Classis
327 2057 437 2110 Amisia
462 2051 572 2116 reliiia.
598 2059 651 2111 Hic
676 2055 784 2116 Amisia
807 2055 855 2112 loci
880 2072 924 2108 seu
947 2056 1050 2114 castelli

148 2145 255 2188 nomen
274 2145 311 2181 est
329 2127 419 2202 (hodie
426 2126 548 2200 Emden)
566 2129 592 2187 in
611 2131 661 2196 ripa
679 2128 791 2182 fluminis
808 2128 966 2197 cognominis
980 2129 1042 2182 dex-

162 2216 216 2260 tera
232 2201 292 2263 siti,
308 2202 379 2262 cujus
396 2217 429 2258 ex
446 2199 566 2270 adverso,
583 2218 628 2254 seu
644 2201 678 2256 ad
693 2202 772 2267 ripam
789 2201 901 2255 sununs
914 2201 1041 2258 sinistrant

162 2272 245 2328 classis
268 2272 387 2340 appulsa,
410 2273 550 2340 militesque
573 2275 706 2342 expositi,
730 2288 806 2339 quum
831 2274 913 2338 potius
936 2273 1041 2330 adverso

162 2346 267 2398 flumine
284 2345 438 2406 subvehendi
456 2345 582 2412 fuissent,
599 2355 623 2400 ur
640 2343 667 2400 in
685 2361 763 2399 terras
781 2345 897 2400 dexteras
914 2359 1041 2413 transpor-

161 2417 247 2472 tandi:
265 2430 328 2473 tunc
345 2419 413 2472 enim
432 2418 548 2486 pontibus
564 2417 628 2476 nihil
644 2434 706 2485 opus
723 2416 813 2472 fuisset
825 2418 857 2472 ad
871 2419 986 2474 estuatia
999 2437 1044 2474 su·

162 2491 287 2556 peranda,
304 2505 348 2544 aut
365 2491 397 2545 ad
415 2491 494 2558 ipsum
511 2496 607 2544 flumen
633 2490 873 2544 transmittendum.
900 2491 1042 2549 AEstuaria

162 2563 281 2619 dicuntur
296 2562 366 2624 loca,
383 2579 454 2632 que,
471 2581 539 2618 mare
557 2564 757 2625 lntumescente,
782 2561 938 2627 complentur
954 2563 1040 2629 aquis.

127 2632 187 2708 (rr)
205 2634 251 2684 An
265 2633 420 2690 ripariorum
430 2675 439 2702 ·.
456 2637 525 2708 Qtos
543 2637 662 2690 Amisiam
687 2637 753 2686 inter
777 2641 801 2686 sc
821 2635 947 2704 Visurgim
973 2636 1042 2688 inco.

164 2706 239 2758 luisse
246 2651 332 2775 iiquet
349 2723 382 2758 err
399 2708 503 2772 oppido,
520 2709 561 2761 cui
579 2723 672 2762 nomen
689 2706 764 2768 hodie
781 2705 915 2780 Engerrni

128 2774 189 2854 (η)
206 2779 381 2850 Cognomrnto
398 2775 530 2838 Flavius.
550 2784 593 2840 Ita
607 2779 675 2841 dedis
691 2778 842 2840 Beroaldusr
868 2793 894 2836 at
913 2780 940 2832 in
958 2779 1045 2839 codice

164 2867 210 2902 ms.
230 2847 334 2905 Flavus
351 2867 448 2918 semper
465 2852 569 2910 dicitur.

128 2921 187 2996 (24)
205 2917 358 2980 Penrtralrr
375 2921 448 2978 deos.
467 2923 545 2990 Quasi
562 2923 663 2983 intimos
682 2937 802 2996 penates,
820 2925 854 2980 sie
871 2923 949 2980 diuos
963 2943 996 2984 ex
1011 2941 1042 2980 eo

163 2995 229 3061 quod
246 2995 346 3061 penitus
364 2995 488 3050 insident.
622 3045 626 3052 .

143 3083 173 3125 ις
206 3064 347 3122 Prolium.
368 3071 489 3121 Futurum
508 3086 568 3122 mox
587 3076 729 3123 Germanos
748 3071 856 3126 inter&
874 3076 1024 3126 Romanos.

142 3151 175 3192 zo
207 3137 301 3199 Haud
321 3139 531 3213 imperatorium.
558 3147 643 3194 Ratus
667 3160 752 3214 neque
775 3142 843 3198 satis
859 3155 952 3198 tutum
969 3157 1041 3204 erre,

165 3227 337 3336 sequanina,
354 3229 438 3285 neque
453 3209 663 3295 populiRomni
679 3211 837 3289 dignitatis,
855 3228 883 3267 ut
900 3212 975 3266 habet
986 3215 1042 3266 Cre-

165 3299 205 3334 sar
222 3289 246 3338 G
283 3301 334 3344 ·4·

130 3353 190 3428 (27)
208 3353 434 3430 Primipr'larium.
460 3358 536 3411 Primi
560 3356 603 3426 pili
628 3376 673 3412 seu
698 3361 769 3426 primi
793 3355 886 3409 ordinis
903 3355 1042 3415 triariorum

165 3427 340 3496 centuriones,
357 3430 470 3488 omnium
489 3432 515 3486 in
534 3431 633 3508 legione
650 3432 825 3492 centurionum
840 3427 1041 3488 honoratissimi.
