2446 3942
383 241 717 314 PRAEFATIO.
912 251 1019 318 xxxiii

99 402 384 502 magnitudinem,
417 401 577 490 Capitolii
609 399 908 494 magnificentiam,
942 405 1023 476 alia-

100 559 165 624 que
197 532 322 618 multa,
355 551 429 618 quae
464 529 491 598 si
522 529 591 597 non
622 527 831 613 explicentur
854 531 1023 618 curatius,

97 657 207 731 mores
230 677 373 744 ususque
399 653 520 722 horum
552 671 737 738 temporum
770 679 839 728 non
871 657 946 726 satis
971 657 1022 724 in·

98 786 348 876 telligerentur.
384 779 458 864 Ipsa
492 799 627 866 quoque
658 781 739 847 vitia
771 779 863 850 fuere
894 803 1022 852 memo-

102 911 224 1000 randa,
259 905 493 976 Romanorum
527 901 647 990 luxus,
681 902 824 974 Neronis
855 906 890 974 in
922 905 1024 982 domo

99 1057 200 1106 aurea
226 1029 459 1120 prodigalitas,
484 1030 519 1100 ἃ
543 1025 752 1114 inexplebilis
775 1029 904 1098 Vitellii
927 1029 1024 1122 gula.

15 1145 16 1148 ¹
101 1166 191 1232 Haec
216 1157 307 1224 enim
332 1169 477 1240 portenta
500 1153 535 1220 in
559 1151 734 1220 evidentias
758 1152 836 1222 luce
852 1171 943 1222 erant
959 1155 1027 1222 col-

103 1279 268 1364 locanda,
301 1293 338 1344 ut
368 1277 494 1376 mugnis
517 1277 748 1362 documentis,
780 1299 852 1364 quo
874 1277 1027 1364 prorum-

104 1425 183 1492 pere
206 1403 305 1488 possit
329 1401 474 1469 humana
498 1401 622 1488 libido,
647 1417 849 1490 notesceret,
873 1403 971 1474 simul
989 1407 1025 1478 δι

102 1527 257 1617 puderet.
281 1525 339 1595 Ne
364 1527 471 1616 piguit
495 1526 649 1614 quidem,
680 1528 771 1614 quod
806 1551 825 1598 a
858 1529 935 1598 viris
960 1530 1024 1598 hu,

102 1671 276 1722 manarum
299 1651 468 1719 literarum
491 1652 644 1722 studiosis
669 1655 875 1741 expetitum,
908 1653 1026 1730 illustri

100 1777 258 1864 exemplo
291 1775 378 1844 Petri
408 1773 598 1846 Cois-ntis
634 1780 671 1849 dc
703 1779 837 1866 loannis
870 1778 1028 1866 Rncsstz,

101 1923 205 1990 quam
229 1901 359 1969 validus
383 1901 425 1968 sit
448 1901 587 1972 Tacitus
620 1901 837 1970 fecundandis
869 1899 1030 1988 ingeniis,

101 2027 295 2095 ostendere.
319 2026 376 2104 De
399 2020 622 2107 Christianis,
648 2020 731 2088 falso
754 2021 896 2092 incendii
921 2025 1029 2102 cumi

63 2199 66 2204 .
103 2173 149 2220 ne
175 2172 195 2216 a
220 2144 359 2216 Nerone
383 2145 532 2229 irretitis,
558 2143 701 2234 didium5
725 2147 780 2234 ἃ,
803 2168 883 2216 curn
907 2145 949 2216 de
971 2147 1028 2236 Ju-

101 2275 183 2342 daeis
208 2286 292 2340 esset
317 2265 516 2354 dicendum,
550 2265 643 2353 plura
676 2267 717 2338 de
742 2271 861 2358 Judaeis
884 2274 1031 2352 Sinensi„

102 2398 164 2467 bus
189 2394 312 2484 placuit
336 2389 547 2479 subneilere,
580 2409 655 2468 tum
686 2391 731 2466 ob.
762 2398 906 2466 materiae
931 2399 1028 2472 novi,

103 2540 233 2606 tatem,
258 2535 333 2591 tum
358 2532 396 2583 ut
421 2515 655 2592 Rornanorum
679 2519 933 2609 Sinensiumque
957 2499 1028 2598 'hac

103 2648 149 2714 de
174 2665 209 2712 re
232 2641 353 2724 iudicia
376 2663 563 2730 comparare
588 2661 777 2732 promptum
808 2647 909 2714 foret.
941 2645 1028 2726 Paris

23 2775 26 2782 ’
106 2789 181 2856 ter,
207 2785 247 2834 ut
272 2763 459 2834 aboleretur
481 2767 617 2856 opinio,
650 2785 723 2856 que
756 2771 845 2858 apud
868 2771 1028 2858 quosdam

105 2893 266 2989 invaluit,
308 2888 468 2958 Taciturn
506 2891 542 2958 in
582 2893 770 2966 Germanias
811 2894 1028 2984 descriptione

40 3046 43 3054 ¹
108 3020 180 3106 plus
205 3017 361 3122 ingenio,
388 3037 489 3101 quam
514 3018 643 3094 veritati
667 3019 856 3110 indulsisse,
889 3023 1029 3094 Germu

108 3165 230 3214 norum
254 3163 361 3234 mores
383 3161 464 3217 curn
489 3141 654 3223 veteribus
685 3151 804 3218 nostris
835 3147 963 3238 legibus
994 3145 1030 3214 δῑ

111 3248 271 3352 historiis,
295 3287 374 3336 cum
400 3265 589 3356 vigentibus
613 3268 721 3340 adhuc
744 3270 892 3342 moribus
923 3287 1028 3354 popu,

113 3391 226 3478 lOWssl
247 3389 400 3478 illorum,
425 3413 508 3480 quos
531 3391 682 3476 barbaros
705 3395 857 3478 ferosque
889 3393 1030 3480 appello

737 3535 755 3580 c
