2474 3944
236 327 298 382 242
439 292 962 369 ANNALIUMLIMV.
1071 305 1077 312 '

231 454 339 542 lippi,
367 467 434 513 cusu
457 469 515 533 quo
536 445 720 531 bellassent,
757 451 856 514 ortuis
871 447 1079 534 'redemptum
1117 463 1155 514 ut

229 584 298 658 post
319 567 497 632 acernis
517 561 561 639 dn
575 569 620 630 Μ.
629 568 756 634 Antonii
777 568 956 630 sententium
977 565 1156 630 redditum.

231 681 355 751 Contra
376 678 556 762 Messenii,
591 697 724 748 veterem
754 686 835 748 inter
855 680 995 748 Herculis
1014 695 1155 768 ponem

231 801 412 870 diuisionem
432 798 626 884 Peloponnesi
647 773 829 888 protulere,
850 819 964 883 suoque
985 801 1048 884 regi
1069 803 1157 862 Den-

233 915 388 983 theliueent
408 933 533 1001 agrurn,
556 915 587 978 in
601 935 660 998 quo
681 915 715 981 id
724 911 904 994 delubrum,
922 917 1064 979 cessisse:
1088 932 1157 977 mo-

233 1035 424 1114 nimentaque
445 1033 509 1116 ejus
532 1033 579 1096 rei
599 1029 718 1120 sculpta
739 1026 947 1104 sustitinent
966 1032 1069 1116 prisco
1082 1047 1159 1091 mu-

233 1169 328 1214 nere.
349 1145 440 1230 ,Quod
458 1149 488 1212 si
509 1163 637 1227 vatum,
659 1147 814 1214 annalium
835 1146 880 1211 ud
899 1146 1068 1210 testimonia
1094 1161 1160 1206 vo-

234 1279 360 1344 centur,
376 1262 483 1348 plures
503 1261 564 1326 sibi
585 1283 625 1327 ec.
643 1245 846 1348 locupletiores
865 1280 951 1326 esse:
973 1279 1063 1344 neque
1076 1252 1159 1324 Plri-

233 1375 350 1462 lippuon
370 1377 531 1460 potentie,
553 1375 610 1438 sed
627 1395 664 1437 eu
685 1393 760 1439 vero
781 1377 950 1440 statuisse:
971 1373 1050 1438 idem
1074 1373 1162 1460 regis

233 1489 402 1572 Antigoni,
422 1487 502 1550 idem
523 1489 721 1573 imperatoris
742 1489 889 1551 Mummii
904 1488 1086 1569 judicium.-
1116 1490 1161 1552 sic

232 1601 390 1682 Milesios,
407 1603 559 1688 permisso
576 1599 692 1690 publice
711 1597 846 1666 arbitrio
866 1605 978 1688 (ιη),
997 1617 1164 1690 postremo

233 1717 375 1784 neuun
395 1719 576 1798 Geminum,
593 1731 758 1804 ueterem
781 1711 929 1803 Achajte,
950 1715 1165 1784 decrevisse.

236 1831 289 1900 lta
325 1832 488 1900 secundum
518 1831 691 1899 Messenios
719 1831 853 1898 datum.
895 1827 941 1896 Et
970 1828 1161 1922 Segestani,

235 1947 332 2018 clem
355 1953 499 2032 Veneris,
520 1964 650 2016 montem
671 1948 754 2035 opud
765 1953 916 2030 Euneon,
937 1962 1093 2015 uetustate
1113 1948 1161 2014 dl-

236 2066 376 2152 laepsam,
405 2068 579 2132 restaurari
601 2063 820 2154 postulaveret
849 2081 921 2129 nota
951 2080 1161 2130 memorantes

235 2178 275 2244 de
295 2177 419 2268 origine
440 2181 529 2259 ejus,
558 2177 593 2244 dc
614 2179 686 2244 laeta
712 2177 859 2245 Tiberio.
889 2177 1030 2268 Suscepit
1043 2187 1156 2246 'curam

237 2291 355 2372 libens,
372 2309 407 2357 ut
420 2293 664 2384 consanguineus
678 2303 710 2380 (ι
720 2300 791 2377 ιε).
813 2289 906 2358 Tunc
921 2293 1058 2360 tradate
1067 2295 1157 2362 Mas·

237 2405 402 2474 siliensium
423 2428 558 2496 preces,
597 2408 821 2497 probatumque
851 2403 896 2483 Ρ.Ι
909 2406 1023 2474 Rutilii
1046 2431 1153 2476 erem·

236 2522 338 2612 plum.
376 2521 515 2612 Namque
538 2543 629 2604 eum,
657 2521 775 2614 legibus
796 2517 941 2612 pulsum,
977 2522 1081 2592 civem
1104 2523 1153 2592 sibi

236 2636 387 2718 Smyrnaei
409 2639 615 2706 addiderant:
638 2659 699 2728 quo
721 2641 789 2718 jure
811 2637 976 2706 Vulcatius
991 2637 1149 2718 Moschus,
1213 2683 1214 2688 κ

235 2755 342 2838 exsul,
361 2757 396 2824 in
418 2753 628 2822 Massilienses
649 2771 814 2842 receptus,
837 2754 915 2821 bona
931 2775 983 2822 sua
1006 2755 1145 2846 reipubli-

234 2885 282 2932 cae
304 2890 441 2955 eorum,
463 2889 498 2940 ut
520 2871 652 2964 patriae,
675 2869 861 2961 reliquerat.

390 3105 479 3170 Mons
502 3109 556 3171 Cn.
580 3104 705 3172 Lentuli
727 3101 771 3180 ds*
790 3111 831 3173 L.
852 3106 996 3174 Domitii.

291 3327 421 3402 XLIV.
446 3331 564 3398 Obiere
588 3353 626 3399 eo
647 3355 730 3401 anno
754 3331 812 3399 viri
834 3333 967 3419 nobiles,
988 3333 1053 3404 Cn.
1067 3329 1142 3399 Leu-

237 3435 341 3525 tulus,
365 3443 400 3514 dt
423 3443 464 3516 L.
481 3445 657 3517 Domitius.
679 3447 837 3534 Lentulo,
858 3451 1143 3544 superco'nsnlatum
