2434 3940
100 287 828 393 AN.U.CDCCLXXVI.AER.CHR.23.
891 317 954 381 207

64 508 193 594 ,Qualem
212 506 402 574 exercituum
425 497 655 594 &reipublice
676 527 793 578 stanam
807 507 934 578 neilust

95 673 154 748 ill.
178 675 331 749 Ceterum
354 675 444 772 plena
460 676 620 750 Caesarum
642 675 767 764 domus,
790 683 906 764 juvenis
920 684 957 754 fis

42 793 112 879 lius,
135 816 267 887 nepotes
280 799 397 879 adulti,
419 819 535 866 moram
557 795 668 888 cupitis
682 795 879 864 adferebant:
901 799 957 884 dt,

40 915 109 1002 quia
131 910 164 982 vi
185 927 234 980 tot
255 915 345 981 simul
375 913 532 1004 corripere
554 915 714 997 intutum,
743 914 831 983 dolus
860 913 960 980 inter-

40 1030 118 1096 valla
139 1031 291 1098 scelerum
321 1030 482 1120 poscebat.
523 1026 647 1098 Placuit
676 1047 782 1098 tamen
810 1031 960 1098 occultior

40 1143 104 1228 via,
126 1143 163 1213 dt
184 1167 203 1212 a
224 1146 331 1213 Druso
352 1147 516 1238 incipere,
538 1143 571 1214 in
590 1167 682 1236 quern
704 1143 825 1214 recenti
845 1145 891 1214 ira
912 1143 960 1212 fe«

39 1262 180 1328 rebatur.
205 1258 285 1330 Nam
308 1251 447 1344 Drusus,
469 1261 631 1352 impatiens
652 1261 775 1346 emuli,
797 1261 833 1330 dt
855 1259 959 1328 animo

37 1377 249 1460 commotior,
284 1391 354 1444 otto
375 1375 458 1445 sorte
479 1377 606 1470 jurgio,
633 1373 814 1446 intenderet
844 1377 959 1459 Seiano

37 1509 161 1574 manus,
183 1491 345 1560 &contra
367 1491 524 1562 tendentis
545 1515 579 1560 os
600 1495 832 1562 verberaveratt
856 1491 958 1588 Igitur

38 1606 143 1674 cunda
165 1610 298 1676 tentanti
326 1607 586 1702 promptissimum
608 1609 729 1695 visum,
767 1609 806 1679 ad
828 1629 958 1677 uxorem

38 1727 101 1806 ejus
116 1721 237 1792 Liviam
250 1742 432 1794 convertere
440 1747 451 1814 ;
464 1747 553 1816 quae,
568 1743 655 1794 soror
668 1723 870 1810 Germanici,
891 1725 958 1793 for*

37 1859 96 1904 mae
109 1837 200 1904 initio
214 1843 315 1906 aetatis
328 1841 493 1923 indecorae,
506 1863 579 1906 mox
592 1839 819 1931 pulchritudine
827 1842 957 1930 praecels

38 1953 138 2022 lebat·
151 1951 256 2022 Hanc
265 2003 275 2037 ,
291 1967 326 2022 ut
341 1973 446 2023 amore
462 1955 622 2036 incensus,
643 1957 797 2022 adulterio
813 1955 958 2043 pellexitt'

37 2068 89 2152 dt,
110 2085 273 2160 postquam
294 2067 387 2160 primi
409 2071 521 2162 flagitii
550 2070 668 2158 potitus
688 2083 757 2152 est,
779 2073 899 2158 (neque
912 2065 962 2133 fe·

36 2187 121 2252 mina
149 2187 256 2250 amissa
284 2185 452 2275 pudicitia,
478 2185 538 2252 alia
567 2181 727 2268 abnuerit)
755 2183 794 2252 ad
824 2174 959 2276 conjugii

36 2321 143 2392 spem,
164 2301 349 2370 consortium
371 2299 483 2394 regni,
504 2297 541 2366 dc
561 2319 670 2379 necem
691 2300 795 2368 mariti
816 2299 957 2390 impulit·

38 2415 148 2507 Atque
160 2416 233 2499 illa,
255 2415 304 2484 cui
325 2416 491 2486 avunculus
506 2421 578 2506 (rr)
593 2411 773 2508 Augustus,
795 2431 882 2486 socer
897 2413 957 2482 To

39 2531 156 2614 letius,
178 2532 316 2602 eDtuso
338 2533 448 2618 liberi,
470 2553 563 2624 seque
585 2547 623 2598 ac
643 2537 774 2615 majores
795 2531 830 2599 dc
855 2541 958 2620 poste*

41 2669 89 2713 ros
112 2645 290 2736 municipali
311 2651 452 2716 adultero
475 2657 548 2737 (η)
571 2646 732 2736 foedabat5
753 2660 810 2730 ut,
831 2661 888 2736 pro
901 2645 959 2710 ho«

40 2763 135 2828 nestIs
156 2758 425 2852 deprementibus,
447 2761 597 2856 flagitiosa
618 2763 654 2832 dt
669 2765 789 2832 incerta
802 2757 960 2850 exspecta«

42 2897 106 2945 ret.
132 2873 270 2946 Sumitur
289 2873 322 2942 in
345 2877 562 2944 conscientiam
585 2877 762 2958 Eudemus,
789 2877 901 2944 amicus
920 2889 958 2944 ac

41 2995 175 3062 medicus
196 2992 315 3075 Livia,
338 2993 438 3083 specie
459 2993 535 3058 artis
554 2987 699 3082 frequens
720 2993 869 3060 secretis:
889 2991 958 3084 pel-

42 3109 77 3174 lit
106 3112 198 3178 domo
227 3109 354 3193 Sejanus
380 3128 508 3176 uxorem
532 3104 717 3200 Apicatam,
744 3130 781 3178 en
802 3129 863 3201 que
891 3125 960 3176 tres

43 3226 154 3294 liberos
175 3240 344 3321 genuerat,
368 3248 408 3302 ne
429 3223 533 3315 pellici
552 3226 791 3317 suspediatetur.
814 3225 876 3296 Sed
891 3246 958 3290 ma-

43 3341 173 3433 gnitudo
193 3342 332 3412 facinoris
352 3357 498 3425 metum,
525 3341 736 3437 prolationes,
764 3340 883 3413 diversa
909 3337 961 3406 in*

45 3457 306 3528 terdumconsilia
326 3455 498 3529 adferebat.
