2474 3944
242 321 308 382 230
447 285 758 364 annuerunt
787 287 887 364 nnn,
912 291 975 364 rr.

238 450 303 516 lam
324 465 383 534 pro
403 441 624 512 accusatoribus
651 433 777 524 Caesar,
808 445 923 517 inritas
950 441 1044 530 leges,
1073 433 1151 510 reni

233 561 390 654 publicam
413 563 447 628 in
467 560 644 650 precipiti,
665 573 848 647 conquestus
872 573 966 630 esser:
987 559 1149 628 subuerte-

235 693 303 744 ram
320 679 421 764 potius
434 678 530 762 jura,
551 695 643 760 quam
664 667 803 748 custodes
823 695 927 742 rorum
959 693 1147 745 amoverent,

235 790 287 860 Sic
307 791 478 877 delatores,
502 810 599 882 genus
620 787 781 857 hominum
797 788 919 878 publico
934 789 1029 856 exitio
1042 811 1148 880 reper-
1182 830 1185 836 ,

235 925 322 994 tum,
344 905 382 976 ἀ
402 907 504 996 poenis
525 902 651 994 quidem
669 927 842 999 ,numquam
863 905 934 978 satis
961 907 1147 993 coercitum,

234 1043 292 1120 pet
313 1023 439 1114 premia
461 1005 677 1091 eliciebantut.

271 1129 420 1216 ,xxxi
442 1135 508 1206 His
530 1153 596 1202 tam
610 1136 757 1220 adsiduis,
780 1153 906 1226 tamque
919 1136 1054 1220 moestis,
1075 1157 1147 1208 mo,

232 1251 303 1320 dica
327 1253 438 1328 laetitia
460 1252 673 1340 interjicitur,
694 1252 774 1342 quod
787 1253 827 1321 C.
842 1250 1039 1334 Cominium,
1060 1255 1146 1342 equi-

231 1383 298 1434 tem
313 1365 509 1451 Romanurn,
531 1365 666 1452 probrosi
687 1367 719 1431 in
742 1387 776 1430 se
795 1367 938 1432 carminis
958 1365 1146 1458 convidltun,

227 1477 339 1553 Cesar
359 1480 498 1574 precibus
523 1475 654 1566 fratris,
684 1482 736 1568 qui
759 1495 883 1546 senator
902 1499 991 1566 erat,
1020 1505 1147 1558 contes-

227 1595 292 1663 sit.
315 1593 389 1686 Quo
410 1593 507 1687 tnagis
528 1593 641 1664 mirum
662 1593 848 1682 habebatur,
878 1615 1012 1686 gnarum
1032 1601 1147 1667 melio,

227 1731 316 1793 rum,
338 1709 451 1801 &qua
467 1707 755 1784 iamaclementiam
778 1727 978 1799 sequeretur,
1001 1711 1145 1786 tristiora

226 1828 337 1898 malle.
361 1825 471 1918 Neque
492 1827 577 1899 enim
597 1826 735 1900 ‚socordia
756 1825 925 1918 peccabat3
953 1847 1010 1896 nec
1040 1828 1146 1894 occul,
1215 1841 1216 1860 ¹

225 1958 295 2012 tum
311 1961 377 2027 est,
391 1943 511 2036 quando
526 1965 565 2010 en
574 1943 718 2030 veritate,
733 1943 852 2033 quando
865 1942 1043 2017 adumbrata
1060 1943 1142 2010 laeti,

225 2061 288 2142 tia,
310 2058 386 2127 falla
409 2061 632 2148 imperatorum
656 2059 867 2131 celebrentur:
888 2059 962 2149 quin
977 2057 1041 2150 ipse
1056 2083 1139 2128 corn-

224 2174 343 2262 positus
358 2174 449 2254 alias,
482 2171 517 2242 dc
540 2176 625 2246 velut
649 2175 846 2242 eludentium
870 2175 1029 2248 verborum
1051 2184 1138 2265 (85),
1214 2151 1215 2156 ἵ

222 2287 350 2356 solutius
361 2287 596 2376 promptiusque
619 2273 837 2378 eloquebatur,
866 2289 1010 2377 quotiens
1031 2291 1137 2358 subve-

221 2401 321 2471 niret.
352 2398 401 2473 At
431 2399 579 2484 Sollium,
609 2419 794 2492 quaestorem
822 2404 972 2492 quondam
1003 2403 1140 2473 Germa,

222 2517 305 2600 nici,
326 2515 500 2592 ,cumltalia
520 2533 700 2601 arceretur,
722 2517 893 2604 consilius,
916 2519 1081 2606 pecuniam
1097 2521 1137 2594 ob

220 2653 288 2706 rem
310 2633 500 2719 judicandam
521 2638 592 2724 (8⁶)
612 2633 748 2723 cepisse,
769 2634 971 2708 amovendum
994 2637 1028 2707 in
1050 2639 1134 2710 insu-

219 2750 285 2818 lam
306 2751 444 2846 censuit,
466 2765 552 2826 tantu
572 2750 775 2823 contentione
796 2750 909 2850 animi,
931 2765 966 2816 ut
980 2747 1016 2816 bt
1029 2753 1131 2838 juror..

217 2863 260 2930 do
280 2864 504 2959 obstringeret,
526 2889 542 2937 e
564 2865 717 2962 republica
738 2865 773 2937 id
790 2887 871 2936 esse.
900 2864 995 2956 Quod
1025 2889 1129 2956 aspere

217 2994 379 3068 acceptum
401 2983 438 3048 ad
460 3003 612 3071 praesens,
634 3003 705 3050 mox
730 2981 762 3048 in
786 2982 907 3054 laudem
930 2982 1052 3066 vertit,
1081 3003 1127 3049 re-

217 3115 321 3187 gresso
345 3093 457 3166 Suilio:
480 3119 574 3186 quem
596 3098 674 3168 vidit
697 3119 826 3186 sequens
848 3115 923 3164 aetas
951 3115 1125 3188 praepoten-

216 3225 300 3294 tem,
329 3211 493 3292 venalem,
523 3208 558 3276 dc
587 3207 710 3278 Claudii
732 3209 882 3304 Principis
912 3214 1045 3284 enricitia
1076 3215 1124 3286 diu

214 3345 385 3412 prospere,
415 3346 578 3416 numquam
602 3326 680 3400 bene
702 3349 805 3401 usum.
835 3328 951 3402 Eodem
981 3353 1074 3420 poena
1093 3331 1120 3404 in

212 3433 329 3506 catum
345 3438 493 3514 Firmium
515 3456 689 3516 senatorem
703 3443 868 3537 statuitur,
890 3451 1046 3544 tamquam
1067 3445 1119 3522 lal-
