2434 3940
202 305 260 368 t5s
401 275 923 354 uetustissimum.

197 436 371 528 eloquentia
393 433 558 514 Vitellius,
583 433 742 516 objecere,
764 437 828 504 odio
850 439 1045 518 Germanici,
1072 429 1119 512 ist,

197 575 299 621 rerum
321 550 600 630 reverenissimo,
623 553 762 622 Pisonem
778 552 886 640 tulgus
894 551 1048 634 militum,
1061 569 1119 638 per

196 673 346 738 licentiam
367 666 412 742 lyr
431 669 578 733 sociorum
601 669 730 753 iujurias
751 676 842 756 (31),
871 689 907 733 eu
928 688 1022 754 usque
1050 689 1116 734 eer-

193 790 332 874 rupt’sse,
356 799 390 848 ut
412 803 522 871 patens
545 783 702 874 legionum
723 808 744 849 a
765 785 935 850 deterrimis
955 783 1120 870 appellere<

194 920 267 968 tur:
290 917 416 980 contra,
440 903 470 966 in
493 905 639 986 optimum
661 920 831 986 quemque,
855 905 986 966 maxime
1015 904 1046 964 in
1069 921 1120 966 cu-

195 1021 283 1082 mites
304 1015 348 1090 ist
361 1019 670 1098 amieosGermeuiet',
692 1019 836 1088 sevisse:
854 1029 1002 1101 postremo
1016 1017 1122 1100 ipsum

195 1130 400 1202 devotionibus
421 1128 464 1206 lm
487 1151 598 1199 veneno
610 1135 792 1221 peremisse.-
812 1128 984 1197 retrahite
1001 1125 1043 1203 les
1058 1134 1120 1196 uts-

194 1243 365 1318 molesteris
387 1243 530 1334 nefandas
551 1255 622 1333 (32)
644 1251 738 1336 ipsius
759 1264 856 1334 atque
873 1246 1043 1312 Plautiae:
1062 1260 1117 1332 pe·

195 1369 286 1431 titum
307 1367 403 1430 armis
430 1361 670 1451 rempublicam
701 1380 791 1448 utque
821 1382 892 1428 retu
920 1365 971 1449 agi
995 1375 1118 1447 posset,
1211 1367 1213 1450 J

195 1483 258 1546 acie
279 1479 406 1547 ulmum.
1211 1459 1212 1492 ³

252 1590 346 1665 XIV.
370 1589 519 1660 Defensio
541 1595 573 1659 ln
595 1595 709 1661 ceteris
731 1593 924 1684 trepidavit.
955 1591 1038 1662 Nem
1061 1617 1135 1675 nea,

193 1724 255 1799 que
277 1710 476 1780 ambitionem
497 1710 683 1793 militarem,
711 1729 808 1799 neque
832 1709 1023 1798 provinciam
1045 1731 1119 1798 pesa

195 1825 270 1891 simo
293 1826 403 1914 cuique
426 1827 605 1910 obnoxiam,
628 1849 668 1894 ue
693 1825 894 1894 contumelias
915 1823 1040 1914 'quidem
1062 1826 1120 1890 ad«

196 1963 318 2009 versum
341 1939 561 2032 imperatorem
585 1943 712 2010 inficiari
734 1958 874 2033 poteret:
894 1941 999 2006 solum
1023 1961 1117 2006 vene-
1211 1987 1212 1994 κ

196 2057 229 2124 ni
251 2059 368 2124 crimen
393 2058 471 2124 visus
501 2080 550 2127 est
573 2061 720 2148 diluisse3
749 2060 830 2150 quod
859 2081 899 2124 ne
929 2074 1116 2124 accusatores

195 2172 320 2261 quidem
342 2171 414 2240 satis
437 2171 615 2254 firmabant,
637 2182 670 2240 in
684 2179 823 2242 convivio
838 2178 1027 2256 Germanici,
1050 2195 1116 2241 cum

195 2300 286 2371 supet
307 2303 375 2346 eum
397 2285 469 2348 Piso
490 2284 688 2352 discumberet
711 2296 800 2372 (33),
829 2288 952 2374 iufec‘los
979 2289 1117 2356 manibus

195 2402 257 2486 ejus
279 2394 358 2462 cibos
379 2413 569 2486 arguentes:
598 2399 713 2488 quippe
741 2400 900 2464 absurdum
925 2402 1118 2487 videbatur,

122 2501 125 2512 ’
196 2514 281 2579 inter
303 2512 399 2578 aliena
421 2514 562 2598 servitia,
584 2513 620 2580 &
642 2530 692 2578 tot
716 2513 907 2580 adstantium
925 2515 1015 2597 visu,
1044 2517 1119 2606 ipso

195 2629 383 2696 Germanico
404 2651 525 2713 comm,
547 2631 578 2697 id
599 2649 721 2699 ausum:
743 2629 953 2720 offerebatque
968 2628 1114 2700 furnilium

197 2767 286 2828 reus,-
309 2745 344 2813 &
366 2747 519 2814 ministros
540 2757 569 2834 (3
579 2756 611 2834 4)
633 2749 664 2812 in
682 2765 838 2814 tormenta
853 2748 1028 2840 flagitabat.
1050 2749 1116 2818 see
1210 2819 1211 2850 ,

196 2860 311 2943 judices
332 2885 387 2950 per
416 2866 533 2932 diversa
563 2865 766 2954 implacabiles
793 2881 909 2932 erant:
940 2865 1047 2934 Caesat
1074 2867 1115 2932 ob
1210 2865 1211 2919 i

197 2973 308 3042 bellurn
331 2981 654 3070 provinciaeinlatum5
677 2981 827 3064 Senatus,
851 3003 1016 3070 numquam
1039 2985 1113 3050 sutis

195 3091 333 3170 credito,
363 3091 427 3158 siue
455 3093 563 3163 fraude
586 3098 805 3166 Germanicum
828 3097 1002 3164 interiisse:
1034 3099 1114 3186 (lm

194 3229 261 3290 que
283 3215 295 3294 )
317 3204 503 3298 scripsissent
526 3214 779 3300 expostulantes:
807 3214 894 3304 quod.
910 3213 987 3280 haud
1008 3215 1111 3282 minus

192 3313 353 3406 Tiberius,
375 3346 465 3414 quam
487 3323 557 3391 Piso
587 3329 719 3395 abnuere
749 3337 779 3416 (3
786 3337 843 3414 ς).
873 3329 971 3394 Simul
1003 3330 1108 3422 populi
1209 3355 1210 3402 i

190 3445 263 3500 aute
284 3419 401 3510 curiam
430 3464 521 3513 voces
550 3443 774 3528 audiebantur,
804 3467 860 3514 non
888 3461 1107 3538 temperaturos
