2474 3944
170 309 887 400 AN.UAE.DCCLXXXV1.AER.CHR.33.
949 345 1010 400 305

103 470 184 539 cibus
198 463 351 561 Augustae
366 471 438 553 (59)
453 513 463 546 ,
485 487 543 530 nec
565 463 663 530 minus
684 465 847 534 inimicitiis
861 463 1017 562 Agrippi-

102 609 152 653 nae
168 581 290 652 defensa
309 597 397 647 ¹erat.
427 577 479 648 Ut
509 578 611 646 odium
632 577 667 646 dc
688 583 788 674 gratia
808 583 946 669 desiere,
969 585 1016 668 jus

101 701 222 770 valuit:
246 697 406 789 petitaque
426 695 599 764 criminibus
619 694 699 764 baud
721 697 855 788 ignotis,
883 722 935 766 sua
949 723 1015 768 ma-

99 841 163 900 nu,
186 837 253 882 sera
274 815 370 906 magis
392 833 484 902 quarn
505 812 662 880 immerita
683 813 830 904 supplicia
852 816 1017 904 persolvit.

159 927 304 1000 XXVII.
328 925 396 995 Tot
410 927 536 996 leuibus
557 926 677 996 funesta
691 929 838 1012 civitate,
858 951 1017 1020 parsmoe-

99 1047 179 1120 roris
200 1041 280 1127 luit,
309 1043 391 1134 quod
412 1043 508 1130 Julia,
537 1045 634 1113 Drusi
660 1052 731 1133 (σο)
754 1045 833 1129 filii,
862 1045 1017 1135 quondam

91 1161 234 1240 Neronis
256 1183 351 1241 uxor,
373 1160 516 1252 denupsit
537 1161 569 1228 in
592 1163 715 1230 domum
737 1159 873 1229 Rubellii
887 1161 1018 1242 Blandi,

100 1281 187 1358 cujus
208 1298 317 1358 avum,
340 1273 523 1360 Tiburtem,
545 1279 682 1368 equitem
705 1275 901 1360 Romanum,
922 1275 1016 1368 pleri·

99 1414 162 1483 que
186 1391 405 1460 meminerant.
431 1391 581 1460 Extremo
603 1391 675 1460 anni
696 1413 778 1458 mors
800 1391 884 1460 AElii
898 1391 1018 1460 Lamia

100 1505 214 1574 funere
233 1507 373 1573 censorio
396 1515 468 1594 (σι)
489 1509 665 1590 celebrata,
692 1508 746 1596 qui
768 1507 1017 1576 administranda

98 1623 198 1703 Syriae
219 1621 354 1716 imagine
376 1621 503 1690 tandem
524 1626 699 1705 exsolutus,
729 1620 813 1692 Urbi
834 1621 1016 1714 praesuetat.

98 1737 207 1804 Genus
228 1738 275 1803 illi
295 1740 460 1819 decorum,
494 1740 593 1804 uivida
614 1736 776 1823 senediusq
805 1737 840 1806 dt
861 1763 923 1806 non
944 1760 1017 1828 per-

99 1853 190 1926 missa
204 1851 370 1940 provincia,
382 1851 593 1942 dignationem
607 1851 782 1918 addiderat.
811 1850 892 1918 Exin
907 1853 1018 1918 Flacco

101 1966 292 2057 Pomponio,
314 1965 412 2047 syria
428 1985 641 2056 propraetore,
663 1961 823 2046 defunno,
846 1966 1018 2030 recitantur

99 2083 233 2152 Caesaris
255 2084 379 2162 literae,
410 2084 481 2170 quis
501 2081 655 2148 incusabat
676 2083 826 2168 egregium
848 2101 1018 2167 quemque,

98 2200 144 2274 ds·
163 2201 301 2286 regendis
325 2196 506 2266 exercitibus
521 2199 676 2279 idoneum,
698 2194 831 2264 abnuere
844 2197 879 2263 id
891 2217 1018 2264 munus:

99 2329 190 2400 seque
212 2337 247 2381 ea
270 2311 487 2380 necessitudine
508 2315 551 2380 ad
560 2328 666 2402 preces
680 2317 745 2400 cogi
754 2361 765 2394 ,
785 2328 845 2402 per
860 2335 936 2399 quas
950 2335 1018 2381 con·

98 2429 251 2500 sudarium
280 2429 379 2514 aliqui
407 2445 563 2517 capessere
588 2432 766 2516 provincias
794 2428 1018 2516 adigerentur:

98 2544 211 2612 oblitus
233 2542 438 2626 Arruntium,
461 2567 500 2610 ne
522 2547 554 2612 in
570 2543 753 2634 Hispaniam
775 2559 941 2633 pergeret,
963 2543 1018 2609 de-

99 2661 214 2738 qimum
244 2662 305 2738 jam
326 2680 439 2732 annum
459 2661 602 2726 attineri.
642 2659 730 2726 Obiit
752 2657 859 2728 eodem
881 2679 961 2722 anno
982 2642 1031 2724 &¹

100 2773 154 2842 M.
170 2771 324 2862 Lepidus,
348 2771 387 2837 de
408 2777 493 2855 cujus
515 2775 745 2854 moderatione,
767 2787 859 2860 atque
872 2763 1029 2861 sapientia¹

102 2890 136 2956 in
159 2889 306 2979 prioribus
327 2885 410 2956 libris
431 2895 500 2974 (σι)
522 2888 593 2954 satis
614 2885 787 2954 conlocavi:
810 2909 909 2976 neque
932 2889 1017 2956 nobi-

103 3006 174 3071 litas
211 3003 325 3070 diutius
353 3002 589 3070 demonstranda
611 3017 683 3070 est:
713 3003 827 3094 quippe
848 2999 1017 3070 AEmilium

102 3143 199 3212 genus
222 3117 383 3186 secundum
406 3117 551 3186 bonorum
573 3117 706 3202 civium,
727 3117 762 3186 de
783 3107 836 3208 qui
849 3099 956 3186 eadem
970 3115 1016 3186 fa-

104 3233 187 3310 milia
224 3235 382 3326 corruptis
403 3234 559 3319 moribus,
594 3236 718 3308 iuuari
754 3252 858 3308 tamen
895 3224 1017 3302 fortuna

106 3369 218 3442 egere.

189 3587 223 3648 C.
232 3586 303 3646 Tac.
311 3588 346 3646 Τ.
354 3590 381 3648 Ι.
