2434 3940
230 351 287 417 136
433 325 738 400 ANNALIUM
770 329 867 400 LIB.
892 334 934 401 II.

223 469 342 552 tulere:
365 479 469 546 statim
484 477 620 563 credita,
635 481 746 579 ⁸statim
763 483 884 574 vulgata
900 501 990 550 sunt:
1015 483 1143 575 utquis-

221 621 281 690 que
304 597 427 679 obvius,
449 598 711 688 quamvis‘leviter
728 599 847 680 audita,
868 600 901 663 in
925 600 1020 682 alios,
1043 617 1145 688 atque

222 715 268 780 illi
290 715 323 781 in
346 715 450 806 plures
471 713 623 780 cumulata
646 714 760 806 gaudio
783 711 986 782 transferunt:
1011 730 1144 782 cursant

222 854 285 922 per·
296 827 437 916 Urbem,
459 829 627 898 moliuntur
649 817 837 922 templorum
858 826 951 899 fores:
971 831 1049 912 juvit
1070 851 1144 895 cre-

123 1017 127 1026 ,
161 971 168 1042 1¹
227 947 392 1016 dulitatem
414 969 492 1028 nox,
521 943 751 1036 &promptior
782 949 863 1014 inter
885 947 1023 1014 tenebras
1044 943 1143 1011 adfir-

168 1051 179 1080 ”
223 1051 337 1146 matio.
360 1061 429 1132 Nec
451 1061 568 1128 obstitit
591 1060 673 1127 falsis
687 1059 855 1145 Tiberius,
878 1062 974 1128 donec
994 1081 1144 1150 tempore

221 1203 258 1246 ac
281 1179 381 1270 spatio
403 1196 630 1246 vanescerent.
661 1175 704 1248 Et
726 1180 887 1268 populus,
918 1178 1000 1272 quasi
1021 1195 1145 1263 rursum

222 1313 385 1384 ereptum,
408 1291 505 1358 acrius
525 1290 648 1356 doluit.

232 1527 374 1588 Honores
395 1520 487 1585 multi
509 1535 633 1586 mortuo
655 1521 836 1587 Germanico
858 1525 966 1588 Romae
989 1527 1130 1602 decreti.

278 1748 472 1818 LXXXIII.
495 1695 662 1834 Ilonores,
683 1765 718 1816 ut
732 1705 807 1841 ‘quis
829 1727 934 1817 amore
956 1750 987 1817 in
1002 1751 1147 1817 Germa-

221 1866 345 1948 nicum,
375 1884 429 1932 aut
451 1867 575 1958 ingenio
598 1867 731 1948 validus,
762 1867 908 1957 reperti,
938 1865 1144 1955 decretique,

221 2000 256 2050 ut
289 2004 397 2050 nomen
427 1985 494 2066 ejus
516 1983 637 2051 saliari
665 1987 803 2048 carmine
832 1990 1022 2050 caneretur:
1051 1981 1142 2048 sedes
1203 2039 1204 2042 ,

221 2097 346 2163 curules
368 2099 670 2182 (201)sacerdotum
678 2097 895 2184 Augustalium
910 2097 1004 2180 locis,
1027 2112 1141 2185 super-

222 2229 353 2294 queens
376 2231 513 2294 quercea
534 2233 656 2278 coronae
682 2215 926 2279 statuerentur:
956 2213 1045 2282 ludos
1065 2215 1141 2278 Cir-

219 2341 326 2390 censes
348 2323 466 2402 eburnn
480 2323 592 2410 effigies
602 2330 756 2414 preiret:
779 2309 858 2393 neue
868 2331 939 2411 quis
954 2327 1070 2412 flamen
1084 2340 1138 2391 aut
1203 2317 1204 2380 i

221 2458 320 2523 augur
342 2442 374 2504 in
395 2439 703 2523 loeuvaermam'ci,
726 2445 790 2507 nisi
797 2445 899 2531 gentis
908 2441 1026 2529 Juliae,
1048 2461 1139 2506 crea-

223 2569 333 2620 retur.
356 2549 456 2620 Arcus
477 2555 710 2638 additiRomae,
731 2554 766 2621 uc
786 2555 865 2643 apud
888 2555 987 2644 ripam
1009 2554 1134 2633 Rheni,

222 2665 257 2734 &
279 2671 311 2734 in
334 2688 440 2736 monte
463 2670 710 2755 SyriaeAmano,
731 2663 801 2737 c'um
815 2670 1016 2760 inscriptione
1033 2690 1131 2736 rerum

179 2836 181 2840 .
219 2801 401 2873 gestarum,
423 2810 459 2853 ac
480 2809 611 2858 mortem
633 2789 670 2858 ob
693 2788 914 2876 rempublicam
936 2787 1065 2854 obiisse:
1088 2805 1131 2849 se-

219 2897 382 2987 pulchrum
405 2899 601 2988 Antiochiae,
625 2905 674 2972 ubi
700 2919 873 2971 crematus:
905 2889 1037 2978 tribunal
1060 2899 1131 2990 Epi-

219 3011 350 3100 daphnae
373 3027 486 3104 (202),
508 3047 568 3112 quo
590 3022 711 3086 inloco
736 3023 829 3087 vitam
846 3018 982 3086 finierat.
1012 3020 1134 3086 Statua·=
1192 3100 1197 3108 Ι

219 3151 287 3196 rum
309 3129 505 3216 locorumve,
527 3138 560 3202 in
583 3140 652 3224 quis
674 3137 847 3218 coleretur,
869 3115 1051 3202 haud'facile
1068 3131 1128 3223 quis

171 3247 172 3250 ’
218 3268 380 3314 numerum
402 3247 529 3333 inierip.
561 3249 645 3318 Cum
678 3268 856 3317 censeretur
883 3252 998 3337 clipeus
1020 3246 1138 3335 (203),

217 3377 292 3422 auro
314 3361 349 3429 rit
370 3365 583 3454 magnitudine
606 3365 768 3457 insignis,
790 3365 874 3429 inter
901 3363 1036 3430 auliores
1064 3365 1124 3429 elo·
1201 3449 1202 3466 χ

217 3475 371 3567 quentIae3
401 3478 589 3552 adseveravit
613 3479 755 3554 Tiberius
781 3487 894 3569 (204),
925 3481 1059 3550 solitum,
1070 3495 1123 3570 pa-
