2432 3940
176 273 816 354 AN.U.C.DCCLXXII.AER.CHR.
831 309 881 362 19.
945 221 1002 366 no

87 438 282 524 precipuum
303 435 473 498 amicorum
495 449 608 494 munus
629 449 702 518 est,
726 437 876 523 prosequi
897 437 1003 525 defun.

22 543 28 557 “
89 550 171 617 dum
191 533 443 636 ignauoquestuf·
465 545 533 626 sed,
556 547 786 630 quaeuoluerit‚
808 557 1001 636 meminisse,

85 687 156 750 qua
178 665 374 732 mandauerit
395 665 535 745 exsequi:
549 657 887 742 flebuutGermanicum
907 675 1001 737 etiam

82 783 204 868 ignoti:
225 777 425 847 vindicabitis
447 799 522 858 uos,
543 779 569 840 st
592 796 639 841 me
648 781 771 864 potius,
792 783 1000 868 quemfortu.

82 901 160 960 nam
184 917 279 963 meam
294 891 469 982 fovebatis.
484 891 642 957 Ostendite
652 893 912 981 popuioRomano
934 900 1000 964 diui

83 1013 223 1097 Augusti
245 1027 384 1097 neptem,
411 1009 600 1091 eamdemque
626 1011 780 1096 conjugem
801 1029 918 1077 meam:
944 1033 1001 1079 nu·

79 1143 205 1192 menate
226 1147 278 1190 seu
301 1123 429 1190 liberos.
458 1123 676 1189 Misericordia
696 1146 765 1190 cum
785 1127 1000 1194 accusantibus

79 1244 174 1306 erit:
198 1235 444 1324 fingentibusque
472 1231 602 1332 scelesta
629 1240 776 1304 mandata
804 1248 917 1328 (182),
945 1259 1001 1311 aut

82 1375 152 1420 non
177 1353 301 1422 credent
320 1352 472 1435 homines,
493 1371 548 1419 aut
571 1373 629 1419 non
650 1355 821 1440 ignoscent.
850 1349 999 1440 Jurauere

79 1468 201 1549 amici,
231 1467 368 1534 dextram
399 1469 557 1537 morientis
577 1467 818 1562 contingentes,
846 1477 997 1559 spiritum

78 1600 247 1670 antequam
274 1586 419 1652 ultionem
438 1591 634 1656 amissuros.

138 1695 278 1765 LXXII.
301 1695 385 1769 Tum
407 1701 445 1768 ad
460 1722 587 1768 uxorem
602 1721 722 1783 uersus,
741 1720 800 1789 per
815 1711 996 1774 memoriam

80 1809 158 1896 sui,
177 1832 236 1902 per
244 1837 415 1882 communes
429 1816 542 1882 liberos
556 1815 674 1894 orauit,
695 1797 817 1883 enueret
830 1818 997 1904 ferociam,

78 1934 225 2000 sevienti
240 1929 380 2018 fortune
398 1929 593 1995 submitteret
615 1931 769 2014 animum3
792 1951 997 2016 neuregressa

79 2049 113 2110 in
121 2045 236 2112 Urbem
262 2045 455 2112 emulatione
474 2047 622 2130 potentin
644 2040 997 2112 validioresinnitaret.

79 2159 171 2225 Haec
195 2159 314 2248 palam,
344 2156 378 2223 ὅ(
406 2157 463 2224 alia
485 2175 624 2238 secreto,
652 2149 719 2248 pter¹
738 2179 807 2247 quae
832 2160 998 2226 ostendere

64 2275 267 2342 credebatur
288 2289 404 2339 metum
427 2295 465 2340 ex
488 2269 633 2358 Tiberim
665 2269 785 2360 Neque¹
802 2275 901 2342 rnuulto
924 2294 995 2366 post

79 2391 306 2481 exstinguitur,
329 2389 450 2482 ingenti
471 2387 552 2456 tutta
580 2387 747 2479 provinciae
776 2387 810 2456 bt
831 2391 994 2473 circumja-

79 2506 218 2572 centium
240 2506 438 2596 populorum.
467 2505 634 2570 indoluere
658 2520 775 2570 extera:
789 2506 994 2572 nationesne-

78 2641 211 2710 gesquu:
233 2631 321 2684 trinta
343 2621 389 2686 illi
411 2623 539 2687 comitas
561 2620 721 2703 insuetos,
746 2620 944 2687 mansuetudo
959 2621 991 2686 in

78 2735 204 2819 hostes;
234 2733 357 2821 visuque
387 2733 421 2802 bt
449 2738 553 2804 auditu
582 2740 667 2818 juxta
698 2734 895 2816 venerabilis,
923 2757 993 2802 cum
1059 2769 1064 2780 ·

56 2899 60 2912 .
81 2848 326 2944 magnitudinem
348 2846 383 2915 ἂ
403 2853 587 2942 gravitatem
609 2871 734 2914 summae
762 2847 895 2916 fortunae
916 2851 992 2918 reti-

82 2984 191 3049 neret,
212 2956 358 3033 invidiam
379 2962 415 3032 bc
436 2965 645 3058 adrogantiam
667 2963 832 3058 effugerat.

138 3077 296 3150 LXXIII.
320 3081 424 3147 Funus
447 3082 513 3147 sine
535 3080 714 3174 imaginibus
734 3091 826 3173 (183)
847 3083 881 3153 bt
904 3105 993 3174 pom-

82 3223 138 3291 pa,
161 3221 217 3288 pes
240 3197 362 3281 laudes,
383 3193 418 3266 ἃ
440 3199 619 3266 memoriam
642 3198 790 3267 virtutum
821 3205 887 3282 ejus
908 3198 993 3262 cele·

83 3315 138 3378 bie
159 3309 234 3379 fuit.
272 3311 447 3399 Eterant,
469 3316 521 3406 qui
542 3312 686 3398 sormam,
714 3335 841 3384 aetatem
856 3359 873 3394 ,κ
897 3334 993 3404 genus

86 3426 212 3508 mortis,
235 3429 273 3492 oh
295 3431 556 3523 propinquitatem
586 3433 679 3504 etiarn
701 3431 859 3512 locorum,
880 3427 911 3494 in
925 3430 994 3521 qui·

91 3550 94 3559 '
160 3549 349 3611 C.Tac.T.I.
656 3549 657 3552 ’
692 3542 709 3610 Ι
969 3555 972 3564 “
