2474 3944
168 239 894 322 AN.U.GDCCLXXIX.AER.CHR.26.
951 273 1015 328 νη]

102 403 186 470 lium
213 399 385 468 auderent:
414 393 450 462 dt
471 410 631 486 postquam
652 396 794 480 castello,
822 415 876 466 aut
896 401 1023 480 conjun-

99 519 165 584 mis
193 515 317 593 tumulis
351 535 413 580 nou
434 511 720 604 degrediebaotur,
750 512 895 582 obsidium
922 515 1024 606 coepit

91 631 343 725 por-paddia,
366 648 436 720 quae
457 643 631 718 opportune
652 631 714 710 jam
734 631 888 698 muniebat
902 638 1022 720 (rao):

96 749 179 816 dein
202 746 313 816 fossam
340 745 530 834 loricamque
557 761 751 828 conterens,
777 761 909 836 quatuor
929 747 1024 814 millia

98 887 248 956 passuum
269 863 383 932 ambitu
405 860 562 949 amplexus
582 877 647 926 est.
670 857 755 930 Tuun
778 856 959 952 paullatim,
988 877 1023 928 ut

96 1001 215 1070 aquam
237 979 440 1070 pabulumque
471 974 627 1066 eriperet,
662 977 845 1046 contrahere
872 977 1023 1058 claustra,
1068 979 1085 1018 ¹

97 1095 251 1184 ardlaque
275 1093 482 1161 circumdare:
504 1089 539 1160 dr
555 1093 730 1160 struebatur
744 1117 861 1186 agger,
883 1095 962 1160 unde
977 1115 1024 1158 sa·

100 1235 165 1292 xa,
187 1212 303 1291 hastae,
324 1209 410 1300 ignes
432 1209 637 1300 propinquum
659 1212 720 1290 iam
743 1211 775 1276 in
799 1210 920 1276 hostem
944 1212 1023 1290 jace·
1054 1222 1106 1319 χ

98 1343 237 1394 rentur.
258 1324 320 1392 Sed
341 1323 417 1390 nibil
431 1345 538 1412 mque,
562 1345 653 1413 quam
666 1325 750 1407 sitis,
770 1323 937 1418 fatigabat,
952 1345 1023 1392 cum
1101 1391 1105 1398 ,

98 1445 219 1533 ingens
241 1439 408 1506 multitudo
430 1439 633 1523 bellatorum,
654 1439 843 1523 imbellium,
866 1465 927 1508 uuo
947 1439 1023 1508 reli-

101 1579 171 1648 quo
193 1552 281 1623 fonte
304 1571 482 1623 uterentur.
505 1555 603 1624 Simul
618 1555 712 1646 equi,
733 1575 892 1641 armenta,
916 1574 1024 1626 utmor

99 1672 256 1753 barbaris,
286 1673 373 1752 juxta
392 1672 520 1754 clausa,
550 1687 692 1761 egestate
716 1673 818 1760 pabuli
838 1673 1023 1740 exanimauit

100 1787 251 1867 adjacere
271 1805 402 1872 corpora
424 1783 599 1872 hominum,
621 1805 695 1874 quos
717 1785 842 1854 uulnera
855 1835 865 1868 ,
879 1809 965 1876 ,quos
985 1787 1025 1852 si·

102 1902 149 1968 tis
171 1915 374 1990 peremerat:
404 1899 504 1987 pollui
525 1897 630 1964 cundia
652 1899 757 1979 sanie,
777 1896 899 1980 odore,
918 1915 1027 1964 conta·

101 2017 175 2084 Clu.
206 2013 374 2104 Rebusque
394 2013 525 2080 turbatis
545 2011 660 2078 malum
682 2027 858 2106 extremum
879 2009 1028 2081 discordia
1119 2081 1122 2086 ,

102 2131 254 2218 accessit;
277 2130 321 2196 his
343 2127 552 2211 deditionem,
581 2127 646 2194 aliis
666 2143 821 2211 mortem,
849 2126 885 2196 dr
906 2143 1028 2196 mutuos

104 2249 194 2314 inter
215 2268 247 2312 se
268 2245 343 2312 tuus
365 2244 554 2335 parantibus.
593 2241 638 2311 Et
659 2260 767 2326 erant,
795 2245 848 2335 qui
869 2267 927 2314 amr
948 2243 1028 2318 inul-

104 2382 174 2430 tum
188 2363 333 2454 exitium,
356 2362 600 2452 redemptionem
613 2362 793 2432 suaderent.
815 2361 1026 2454 nequeigno·

104 2481 203 2558 biles,
224 2477 361 2566 quamvis
382 2476 493 2546 diversi
515 2477 693 2546 sententiis.

167 2590 208 2656 L.
230 2591 351 2660 Verum
372 2613 392 2656 e
412 2594 552 2677 ducibus,
575 2593 685 2675 Dinis,
707 2591 866 2682 provedlus
887 2587 1026 2670 tenella,
1113 2566 1120 2582 ’

106 2705 144 2774 dt
159 2705 254 2796 longo
275 2725 327 2771 usu
349 2703 411 2770 uim
432 2722 524 2797 atque
544 2709 742 2776 clementiam
756 2705 931 2774 Romanam
951 2703 1026 2770 edo

107 2822 193 2904 blus,
212 2819 347 2926 ponenda
368 2841 481 2902 arma,
508 2843 600 2891 unum
629 2821 756 2906 adfliliis
783 2822 819 2888 id
841 2819 1026 2904 remedium,

109 2935 274 3008 disserebat
281 2961 291 3022 3
314 2934 490 3026 primusque
512 2957 546 3002 se
566 2957 636 3003 cnm
659 2938 790 3028 conjuge
813 2935 847 3005 dt
861 2937 964 3004 liberis
979 2937 1026 3004 vi-

109 3053 186 3122 liori
208 3051 374 3144 permisit:
397 3052 494 3118 secuti
516 3069 611 3120 aetate
632 3069 688 3120 aut
709 3073 782 3119 seru
800 3053 968 3136 imbecilli,
990 3049 1027 3120 dt

113 3169 218 3262 quibus
238 3171 337 3251 major
359 3166 453 3252 vitae,
475 3191 566 3258 quam
588 3169 719 3262 gloriar,
739 3171 868 3261 cupido.
889 3165 955 3236 .At
978 3169 1026 3249 ju·

115 3300 223 3349 ventus
251 3282 382 3354 Tarsam
420 3283 504 3353 inter
535 3283 570 3359 &
598 3283 746 3356 Turesim
774 3283 1025 3364 distraduebatutr
1112 3362 1115 3368 q
1164 3356 1168 3366 ,
1202 3299 1221 3368 ,’

114 3398 238 3489 utrique
258 3401 443 3472 destinatum
472 3425 552 3486 cum
567 3402 711 3481 libertate
739 3401 879 3480 occidere
902 3405 1025 3490 (,123):

662 3519 738 3609 Qu
