2446 3942
70 249 72 254 ’
160 251 874 332 nuucucctxvrrffiucuu...
936 285 973 340 ,ι

49 410 180 493 disjecti
188 460 198 492 ,
221 408 268 474 vel
292 427 457 498 paucorum
477 401 624 470 instinliu
645 411 756 492 (104),
779 407 832 472 sed
856 407 977 498 pariter

47 529 274 614 ardescerent,
304 523 423 614 pariter
444 521 592 586 silerent:
622 537 708 587 tanta
739 521 976 614 aequalitate&

45 642 246 734 constantia,
267 657 304 706 ut
326 638 394 730 regi
417 635 578 706 crederes.
979 737 983 744 Ι

121 729 281 824 XXXIII.
312 753 442 822 Interea
470 749 661 818 Germanico
689 775 745 842 per
773 749 910 834 Gallias,
940 773 975 824 ut

46 863 213 953 diximus,
251 893 358 938 census
387 867 581 956 accipienti,
609 871 779 934 excessisse
808 875 977 956 Augustum

45 988 211 1056 adfertur.
237 985 376 1076 Neptem
398 987 463 1063 ejus
485 977 749 1074 Agrippinensis
772 985 977 1065 matrimonio,

46 1107 220 1194 pluresque
244 1123 284 1166 ex
306 1121 345 1166 eo
366 1098 474 1164 liberos
497 1096 640 1164 habebnt.
672 1097 742 1187 Ipse
764 1096 887 1180 Druso,
915 1096 977 1166 sra-

45 1239 104 1286 tre
130 1215 271 1296 Tiberii,
302 1213 444 1306 genitus,
473 1207 626 1304 Augustae
657 1235 768 1302 nepos:
799 1215 851 1280 sed
874 1215 980 1282 anxius

44 1333 189 1402 occultis
209 1332 242 1398 in
265 1351 297 1396 se
317 1331 419 1418 patrui
441 1327 578 1419 aviaeque
600 1326 696 1410 odiis,
725 1349 854 1420 quorum
877 1351 977 1397 cause

46 1449 215 1528 acriores,
237 1446 308 1536 quia
329 1445 442 1536 iniquae
466 1451 576 1529 (105)=
607 1446 723 1536 quippe
745 1443 840 1510 Drusi
862 1469 975 1538 magna

45 1563 135 1654 apud
158 1563 304 1651 populum
328 1559 503 1626 Romanurn
525 1563 689 1643 memoria,
712 1561 974 1654 credebaturque,

47 1681 75 1744 si
99 1701 202 1746 rerum
224 1678 341 1767 potitus
363 1671 464 1756 foret,
486 1675 662 1744 libertarent
676 1677 849 1746 redditurus
862 1687 973 1765 (10⁶):

46 1795 139 1860 unde
161 1795 193 1858 in
215 1785 438 1859 Germanicum
458 1787 565 1872 favor,
594 1790 630 1862 dc
651 1810 719 1881 spes
739 1794 864 1858 eadem.
895 1792 974 1858 Nam

50 1909 162 1991 juveni
183 1908 275 1976 ciuile
296 1908 486 2000 ingenium„
507 1908 586 1971 mira
615 1907 763 1983 comitas,
792 1906 826 1972 dc
857 1905 977 1970 diversa

45 2045 66 2092 'a
92 2021 217 2090 Tiberii
239 2037 400 2100 sermone,
422 2019 531 2098 vultu,
554 2016 816 2108 adrogantibus&
830 2019 977 2088 obscuris·

45 2134 261 2208 Accedebant
284 2135 448 2200 muliebres
470 2131 667 2213 offensiones,
690 2135 896 2208 novercalibus
916 2134 975 2204 Li-

48 2259 114 2322 viae
136 2254 171 2318 in
195 2247 403 2341 Agrippinam
426 2243 573 2316 stisnulisc'
596 2265 689 2340 atque
711 2249 774 2338 ipsa
796 2243 974 2344 Agrippina

52 2371 161 2460 paullo
181 2367 365 2435 commotior
372 2407 382 2446 ,
412 2363 470 2432 nisi
499 2365 581 2455 quod
608 2365 773 2449 castitate,
802 2365 837 2434 dt
867 2371 974 2438 mariti

52 2507 159 2554 amore
166 2525 177 2566 5
200 2483 338 2575 quamvis
358 2481 543 2548 indomitum
564 2481 700 2550 anitum
720 2481 753 2546 in
776 2483 887 2550 bonurn
903 2507 975 2550 ver-

55 2605 161 2668 rebat.

112 2712 277 2782 XXXIV.
300 2711 360 2778 Sed
382 2713 605 2798 Germanicus,
626 2723 743 2808 quanio
763 2727 890 2784 summae
911 2717 976 2809 spei

58 2830 204 2920 propior,
228 2843 318 2894 tanto
339 2827 501 2918 impensius
523 2853 580 2918 pro
603 2829 732 2900 Tiberio
753 2831 830 2898 niti.
859 2833 974 2926 Sequa-

54 2969 108 3011 nos
131 2945 303 3035 proximos,
333 2939 369 3010 dc
391 2943 557 3034 Belgarum
579 2945 722 3012 civitates
744 2949 776 3014 in
799 2950 887 3018 verba
909 2955 974 3034 ejus

54 3059 171 3152 ,adigits
195 3060 340 3141 Dehinc,¹
369 3060 481 3127 audito·
497 3059 655 3152 logIonum
677 3067 829 3150 tumultu,
858 3069 973 3157 raptim

55 3173 222 3264 prosedas,
252 3175 358 3245 Arias.
381 3193 469 3244 extra
499 3194 598 3246 castra
627 3177 748 3265 babuit,
787 3183 910 3266 dejectis
940 3182 975 3246 in

58 3309 173 3358 terram
194 3293 306 3377 oculis,
329 3293 415 3362 velut
437 3294 634 3384 penitentia.
665 3295 833 3390 Postquam
856 3295 974 3364 vallum

58 3405 144 3488 iniit,
177 3405 284 3476 dissoni
298 3427 429 3498 .questus
461 3411 560 3482 audiri
588 3433 732 3504 crepere:
764 3413 799 3478 dt
831 3407 974 3500 quidem,
1040 3436 1042 3444 ’
