2432 3940
249 347 310 392 no
446 305 758 385 ANNALIUM
789 310 957 382 LIBall.

243 473 337 540 uisior
357 467 543 561 graviorque
564 461 658 554 pestis
678 459 756 528 luit.
783 459 893 552 Neque
914 461 1043 530 solitum
1065 462 1173 530 intuli

242 611 313 656 casu
335 583 485 678 effirgium
515 579 731 662 subveniebat,
760 579 792 646 in
820 596 928 669 aperta
958 589 1022 671 (12
1029 589 1071 669 ς)
1096 604 1172 672 pno-

243 703 426 796 rumpendi,
448 699 519 790 quia
541 693 668 768 didutlb
689 695 779 763 terris
798 696 1030 766 hauriebantur.
1059 698 1172 766 sedis-

243 845 277 889 se
299 827 394 908 (12⁶)
423 822 590 884 immensos
622 829 762 882 montes.-
791 817 863 882 uisa
891 814 924 880 in
952 814 1075 898 arduo,
1099 837 1172 902 quae

240 938 338 1028 plana
352 936 493 1024 fuerint:
516 929 675 1018 effulsisse
694 933 779 998 inter
803 935 926 998 ruinam
947 935 1033 1020 ignes
1048 953 1173 998 memo-

242 1069 332 1122 rant.
368 1047 551 1142 Asperrima
580 1047 613 1114 in
644 1046 807 1116 Sardianos
845 1047 910 1114 lues
925 1057 931 1120 ,’
939 1048 1109 1138 plurimum
1136 1047 1172 1112 in

243 1170 368 1238 cosdem
397 1164 614 1249 misecicordiae
644 1163 741 1232 traxit
749 1150 762 1230 :¹
789 1185 861 1232 uam
898 1165 1016 1232 centies
1054 1179 1171 1230 sester-

244 1287 322 1354 tium
345 1291 439 1372 (127)
460 1280 618 1371 pollicitus
640 1278 771 1360 Caesar,
801 1277 837 1346 ὅτ
865 1300 1020 1369 quantum
1041 1279 1170 1358 orario,

241 1417 298 1466 aut
320 1397 391 1464 fisco
412 1394 607 1484 pendebant,
629 1393 662 1458 in
678 1393 922 1482 quinquennium
931 1397 1070 1464 remisit.
1094 1393 1172 1462 Ma-

241 1529 355 1606 gnetes
376 1533 395 1576 a
415 1509 550 1600 Sipylo,
574 1508 708 1598 proximi
730 1507 843 1574 damno
863 1532 900 1575 ac
921 1513 1064 1584 remedio
1087 1511 1173 1584 habi·

211 1661 215 1670 ·
244 1629 289 1694 ti.
313 1623 492 1708 Temnios,
509 1620 975 1716 philadelphenoffifflgeatas,
999 1621 1174 1717 Apolloni·

242 1745 363 1812 elienses
385 1741 636 1832 (128),quique
659 1739 825 1822 Mosteni,
854 1759 949 1830 atque
971 1740 1195 1808 Macedones*

243 1860 391 1942 Hyrcani
419 1877 590 1941 vocantur,
611 1855 647 1924 δε
664 1856 964 1940 Hierocaesaream,
986 1853 1176 1938 Myrinam,

245 1974 395 2060 Cymen,
417 1970 587 2058 Tmolum,
608 1974 707 2042 leuari
729 1974 811 2042 idem
832 1975 864 2042 in
886 1990 1010 2064 tempus
1032 1972 1172 2052 tributis,

244 2095 394 2184 mittique
415 2113 456 2158 ex
477 2109 587 2162 senatu
610 2091 758 2181 placuit,
787 2092 841 2182 qui
863 2087 1028 2182 praesentia
1052 2084 1171 2180 spetia-

42 2181 48 2190 .
139 2242 145 2252 ·
243 2221 315 2286 ret,
337 2201 583 2294 refoveretquc.
605 2205 754 2274 Deleuus
776 2224 824 2272 est
847 2207 900 2274 M.
922 2201 1037 2274 Aletus
1059 2225 1169 2294 eprae-

243 2317 351 2400 toriis,
373 2339 434 2399 ne,
455 2317 609 2386 consulari
617 2317 779 2388 obtinente
787 2317 923 2404 Asiam,
945 2321 1106 2390 aemulatio
1122 2318 1169 2386 io-

244 2450 296 2502 ter
318 2453 407 2525 pares
414 2481 425 2514 ,
446 2430 482 2502 bt
505 2455 543 2500 ex
566 2455 606 2504 eo
626 2432 883 2524 impedimentum
905 2436 1061 2503 oriretur.

303 2547 466 2621 XLVIII.
490 2547 695 2643 Magnificam
724 2551 755 2616 in
778 2549 934 2642 publicum
957 2549 1160 2642 largitionem

244 2665 446 2738 auxitCaesar
460 2667 540 2740 haud
555 2665 654 2736 miurus
676 2650 766 2760 grata
787 2657 993 2750 liberalitate,
1014 2667 1099 2756 quod
1116 2669 1165 2734 bo-

245 2777 287 2853 ira
310 2781 454 2851 AEmiliae
477 2783 604 2866 Musae,
625 2784 790 2874 locupletis
811 2785 989 2868 intestatae,
1012 2783 1113 2876 petita
1134 2783 1165 2846 in

245 2897 351 2967 fiscum
375 2908 490 2988 (129),
514 2897 650 2967 AEmilio
672 2899 814 2992 Lepido,
836 2904 922 2984 cujus
943 2899 1060 2968 edomo
1082 2899 1163 2966 vide·

245 3014 333 3082 batur
340 3036 351 3098 3
373 3013 408 3082 δε
430 3013 561 3086 Patulei-
574 3025 667 3106 (130)
696 3017 800 3088 divitis
821 3016 935 3107 equitis
953 3015 1090 3083 Romani
1113 3013 1162 3080 be·

244 3127 410 3219 feditatem
433 3140 652 3222 (quamquam
674 3135 738 3226 ipse
765 3133 856 3200 heres
884 3133 916 3198 in
946 3146 1037 3221 parte
1068 3135 1161 3218 (131)

206 3318 217 3334 ⁸
243 3247 407 3338 legeretur
429 3253 442 3333 )
464 3247 591 3322 tradiilit
614 3249 667 3316 M.
689 3249 841 3332 Servilio,
868 3270 962 3338 quem
993 3246 1159 3337 prioribus,

242 3381 345 3448 neque
359 3359 517 3456 suspects,
541 3363 649 3430 tabulis
670 3366 819 3456 scriptum
840 3379 1053 3456 compereratr
1077 3360 1159 3432 nobi-

243 3469 364 3548 litatem
386 3482 552 3588 largiusque
568 3486 699 3574 pecunia
714 3481 889 3569 juvandam
911 3477 1074 3574 profatus.
1098 3475 1159 3548 Ne.-
