2474 3944
242 306 302 380 με
442 280 753 366 ANNALIUM
775 281 873 362 LIB.
900 284 963 367 Vl.

239 447 328 518 nimis
349 445 459 534 laqueo
482 455 620 510 vexata.
643 441 694 512 Ne
710 441 862 536 Tigranes
882 443 1025 535 quidem,
1042 439 1158 515 Arme·

240 567 290 634 nia
312 561 468 652 quondam
492 559 628 650 potitus,
650 581 689 627 ac
711 580 785 628 tunc
807 576 897 643 reus,
923 563 1049 630 nornine
1070 563 1160 655 regio

237 674 387 770 supplicia
408 671 521 744 civium
542 674 667 768 effugit.
690 675 738 744 At
759 672 808 756 C,
825 675 927 744 Galba
953 687 1044 768 (or),-
1082 701 1161 746 corr·

237 795 370 878 tuleris,
400 791 436 860 dt
464 793 525 860 duo
554 785 646 860 Elatsi
678 787 853 880 uoluntario
880 794 967 862 exitu
997 793 1159 862 cecidere:

237 911 366 992 Galba,
406 907 541 976 tristibus
565 906 818 978 exorbitetis
845 911 1034 1002 provinciam
1057 907 1162 978 sortiri

238 1026 424 1118 prohibitus3
446 1021 553 1092 Blaesis
573 1025 763 1109 sacerdotia,
791 1028 915 1120 integra
936 1040 1042 1095 eorum
1063 1027 1162 1093 domo

237 1143 410 1226 destinata,
433 1141 576 1210 convulsa
590 1142 769 1212 distulerat:
784 1157 879 1225 tunc,
892 1155 927 1209 ut
941 1161 1057 1226 vacua,
1081 1165 1163 1210 con·

238 1259 315 1328 tulit
336 1261 370 1326 in
391 1260 484 1326 alios:
513 1259 595 1348 quod
618 1261 740 1351 signum
760 1259 868 1328 mortis
889 1259 1097 1340 intellexere,
1127 1251 1164 1323 u

237 1373 376 1442 exsecuti
407 1389 502 1442 sunt.
529 1369 574 1440 Et
594 1363 732 1440 AEmilia
761 1373 907 1463 Lepida,
936 1392 1031 1466 quam
1059 1367 1163 1457 juveni

236 1485 341 1555 Druso
363 1493 434 1574 (9²)
458 1501 587 1574 nuptam
609 1487 724 1569 retuli,
751 1489 865 1553 crebris
895 1489 1074 1558 criminibus
1099 1511 1163 1555 rna-

235 1600 332 1666 titum
354 1601 510 1680 insecuta,
531 1617 716 1690 quamquam
737 1601 917 1668 intestabilis
937 1613 972 1690 (9
977 1611 1030 1688 3),
1054 1623 1165 1671 tamen

236 1715 387 1806 impunita
408 1715 537 1810 agebat,
559 1715 633 1782 dum
645 1713 796 1807 superfuit
812 1733 902 1806 pater
909 1715 1077 1806 Lepidus3'
1091 1734 1167 1809 post

236 1829 467 1898 adulatoribus
489 1831 675 1923 corripitur,
698 1833 737 1898 ob
755 1852 876 1900 servum
890 1831 1081 1900 adultertun:
1104 1853 1166 1900 nec

238 1945 433 2014 dubitabatur
454 1945 494 2012 de
520 1945 655 2040 flagitio.
684 1947 798 2042 Ergo,
823 1948 933 2016 omissa
961 1945 1164 2030 defensione,

239 2059 332 2130 finem
356 2065 430 2131 vitae
452 2061 508 2128 sibi
528 2062 654 2154 posuit.

245 2291 340 2360 Clitae
369 2294 435 2377 regi
468 2313 523 2359 suo
553 2289 754 2369 rebelletis·
782 2293 942 2382 repressi.
978 2293 1160 2377 Tiridates,

294 2405 488 2474 Parthorum
512 2429 587 2491 rex,
617 2408 739 2477 rb'rsidio
755 2426 922 2498 procerum
941 2410 1100 2496 pellitam

329 2517 564 2598 &Artabanus
584 2525 619 2590 irr
641 2545 769 2614 reguum
789 2525 906 2592 iterum
926 2529 1065 2593 accitur.

300 2747 393 2822 XLI.
421 2749 485 2822 Per
512 2751 595 2823 idem
622 2771 744 2846 ternpus
766 2749 923 2824 Clitarum
952 2755 1038 2824 natio
1065 2762 1157 2847 (94),

236 2863 418 2956 Cappadoci
440 2867 599 2938 Archelao
619 2880 653 2960 (o
660 2879 693 2960 5)
721 2871 851 2954 subiedla
872 2921 884 2954 ,
915 2873 985 2964 quia
1000 2890 1154 2940 nostrum

235 2979 269 3048 in
290 2985 414 3052 modum
436 2985 559 3054 deferre
579 3007 706 3071 census,
735 2989 800 3077 pati
823 2989 936 3056 tributa
958 2989 1156 3080 adigebatur,

235 3096 268 3164 irr
289 3099 362 3192 juga
388 3097 484 3170 Tauri
506 3103 619 3174 montis
633 3103 790 3172 abscessit:
812 3106 1008 3192 locorumque
1029 3101 1156 3196 ingenio

235 3233 302 3282 sese
323 3233 432 3283 contra
453 3215 590 3283 imbelles
611 3220 695 3310 regis
713 3219 817 3309 copias
839 3220 1023 3306 tutabatur3
1051 3219 1151 3284 donet

235 3323 287 3390 Μ.
295 3327 487 3414 Trebellius,
510 3333 651 3424 legatus,
672 3333 857 3416 aVitellio,
879 3333 1012 3422 praeside
1031 3332 1149 3416 Syriae,

234 3455 305 3504 cum
327 3463 459 3540 quatuor
478 3447 611 3516 millibus
634 3447 892 3543 legionariorum,
914 3447 1085 3524 &deletis
1100 3471 1152 3517 au·
