2432 3940
177 303 354 380 nuno
364 283 876 376 nccuxv111.rnn.cuu.1
885 333 913 388 ς.
972 327 1014 392 ὁ,

88 479 137 524 ex
168 458 300 524 moribus
321 456 471 545 Principis
507 449 673 522 fredissima
702 479 833 548 quaeque
862 457 1015 550 deligeret
1063 453 1068 464 ’

90 592 276 655 accusator,
299 573 525 660 obiedintetque
547 592 617 636 teo:
642 593 711 636 nam
732 573 801 661 quio
816 596 887 640 veta
909 593 1013 656 erant,

85 691 190 756 otiam
211 689 288 756 dina
309 688 527 756 credebantur.
566 683 698 752 Addidit
720 685 843 777 Hispo,
873 709 1011 758 scutram

22 835 26 846 ¹
82 805 238 874 Marcelli
259 809 374 886 altius,
396 825 490 890 quam
510 809 670 868 cesarum
691 806 810 870 sitnm:
832 803 875 876 dn
894 807 957 870 alia
977 811 1011 872 in

84 939 220 1004 statua,
247 939 407 1009 amputato
437 921 536 1004 capite
556 923 704 1004 Augusti,
741 919 866 1006 effigiem
894 919 1011 986 Tiberii

81 1041 243 1106 inditam:
266 1037 303 1102 ad
326 1034 408 1122 quod
430 1032 541 1100 exarsit
562 1034 658 1114 adeo,
682 1051 717 1102 ut
738 1051 828 1124 rupta
849 1035 1010 1102 taciturni·

80 1169 159 1218 tate
191 1153 413 1240 proclamaret,
442 1169 613 1235 usqueque
641 1153 673 1216 in
696 1172 732 1216 en
752 1173 846 1218 causa
872 1153 1009 1218 laturum

81 1271 279 1335 sententiam
297 1269 401 1354 palam
428 1264 471 1340 dy
484 1269 649 1348 juratum,
678 1287 740 1354 quo
761 1267 874 1338 ceteris
902 1267 1009 1336 adem

84 1382 255 1451 necessitas
275 1379 361 1447 fieret
383 1388 493 1468 (198).
516 1379 691 1448 Manebaut
712 1382 806 1448 etiam
830 1398 896 1450 turn
913 1385 1004 1450 vesti-

79 1495 139 1586 gia
162 1496 318 1562 morientis
340 1497 504 1562 libertatis.
526 1495 629 1588 Igitur
650 1497 712 1566 Cn.
736 1497 826 1580 Piso,
849 1503 938 1586 Qun,
953 1502 1002 1566 in-

78 1612 171 1699 quit,
192 1613 257 1680 loco
269 1612 423 1695 censebis,
437 1615 569 1680 Cesar?
590 1617 620 1678 si
632 1618 776 1702 primus,
796 1614 908 1682 habebo
922 1619 1005 1702 quod

76 1750 215 1812 sequar.-
243 1734 273 1794 ri
291 1746 366 1816 post
389 1719 518 1810 omnes,
542 1739 654 1796 vereor
683 1752 717 1794 ne
738 1731 913 1816 imprudens
934 1737 1000 1798 dis-

81 1846 237 1910 sentiam.
260 1842 510 1926 permotionis,
533 1861 711 1931 quantoque
734 1844 882 1908 incautius
910 1847 1000 1908 effer-

80 1957 420 2049 buerat,1paenitentia
434 1959 553 2046 patiens
562 1965 678 2044 (199),
701 1955 774 2019 tulit
789 1955 901 2020 absolvi
915 1937 1003 2024 reum

75 2075 257 2140 criminibus
279 2072 463 2154 majestatis:
485 2072 526 2136 de
547 2069 682 2160 pecuniis
702 2069 877 2159 repetundis
898 2075 935 2140 ad
950 2095 999 2140 res

75 2189 270 2278 ciperatores
293 2193 388 2276 (200)
409 2183 489 2252 itum
509 2203 571 2252 est.

137 2301 280 2373 LXXV.
303 2302 371 2372 Nec
391 2319 515 2392 patrum
537 2302 760 2394 cognitionibus
781 2304 922 2390 satiatus,
947 2309 995 2390 ju,

74 2419 164 2486 diciis
184 2419 337 2486 adsidebat
367 2419 400 2484 in
423 2442 520 2496 cornu
543 2419 725 2502 tribunalis,
755 2443 794 2488 ne
823 2442 993 2510 praetorem

57 2507 176 2600 'curuli
190 2535 378 2625 depelleret:
400 2535 560 2624 multaque
574 2557 612 2600 eo
625 2559 749 2618 coram,
772 2535 914 2602 adversus
928 2558 994 2602 arn,

73 2651 176 2716 bitum
198 2647 232 2715 dt
254 2651 424 2737 potentium
445 2673 552 2742 preces
574 2661 689 2738 (τοι),
717 2651 910 2725 constituta;
941 2652 992 2720 sed

74 2767 150 2832 dum
174 2764 297 2832 veritati
321 2772 412 2852 (τοι)
434 2767 620 2848 consulitur,
642 2769 766 2834 libertas
780 2767 991 2858 corrumpeba-

74 2898 143 2948 tur.
183 2879 271 2949 Inter
301 2901 371 2976 qua}
401 2877 474 2958 Pius
496 2876 669 2963 Aurelius,
698 2898 839 2963 senator,
867 2903 989 2975 questus

74 2997 154 3064 mole
170 2996 302 3086 publice
323 3000 385 3064 vie
408 3000 519 3084 (203),
541 2994 690 3082 denaque
713 3021 878 3084 aquaem,
906 3001 988 3068 labe-

70 3112 173 3198 faiias
193 3114 274 3180 <edes
296 3135 390 3197 runs,
411 3111 558 3180 auxilium
580 3129 701 3200 potrum
723 3115 896 3184 invocabat.
921 3115 988 3179 Re,

47 3319 49 3324 Ι
73 3228 368 3298 sistentibusaetarii
389 3228 589 3322 praetoribus,
611 3229 893 3312 subvenitrCacsar,
917 3248 988 3317 pte.-

74 3343 213 3432 tiumque
236 3346 346 3413 aedium
368 3342 501 3414 Aurelio
523 3345 649 3432 tribuit,
670 3345 842 3440 erogandas,
859 3364 917 3434 per
931 3343 986 3410 hoa

75 3477 161 3528 nesta
183 3463 320 3548 pecuniae
341 3464 483 3564 cupiens:
507 3483 596 3554 quam
612 3465 762 3541 virtutem
775 3460 827 3527 diu
847 3459 988 3543 retinuit,

152 3581 185 3642 C.
194 3581 308 3644 TanT.
316 3585 342 3643 1.
557 3599 560 3608 ·
673 3577 702 3643 E
