2432 3940
126 275 257 326 .rut
403 221 714 308 ANNALIUM
744 211 909 288 Lien.

191 403 284 493 ipsius
300 391 430 486 species,
445 403 612 472 currusque
620 379 755 470 quinque
766 352 867 446 liberis
874 369 1019 451 onustus(
1025 371 1118 466 103)r

194 518 245 585 sed
270 513 393 578 suberat
410 504 531 572 occulta
539 496 674 566 formido
682 487 914 582 reputantibus,
936 478 1121 568 huudpnos-

194 652 306 726 penum
330 632 362 693 in
385 633 493 690 Druso
513 635 607 708 putre
627 617 693 699 eius
718 605 866 696 favorem
885 599 999 686 uulgi:
1021 615 1123 662 avun-

199 750 301 817 culum
316 707 691 828 ejusdem‚'r1arcellun,
709 716 919 810 flagrantibus
931 711 1030 803 plebis
1055 729 1125 776 stn—
1183 774 1186 779 ,

202 865 262 932 diis
279 865 366 926 intra
383 862 546 942 juventam
555 863 708 936 ereptum:
728 831 1055 918 &reveriminfaustor
1068 842 1126 915 pe-

201 981 269 1070 puli
300 975 431 1044 Romani
452 988 591 1037 amores.

210 1184 403 1290 Archelais,
428 1201 640 1291 Cappadocum
662 1211 743 1271 nen,
774 1183 857 1258 dolo!
865 1186 899 1252 in
920 1168 1027 1248 unbem
1048 1179 1130 1244 arci·

274 1345 351 1404 tus,
375 1320 418 1396 iffi
439 1317 561 1404 indigne
581 1309 725 1386 habitus,
747 1307 904 1372 moritur.
927 1302 1064 1384 Regnum

403 1437 469 1517 rjus
491 1433 525 1497 in
544 1425 743 1518 provinciam
765 1417 939 1486 aedanum.

230 1671 241 1682 ''
274 1664 381 1736 XLII.
409 1661 565 1730 Ceterum
588 1653 753 1739 Tiberius,
776 1648 900 1719 nomine
914 1707 915 1712 ,
929 1632 1138 1719 Germanici,

160 1779 162 1783 ’
219 1805 363 1857 trecenos
386 1779 467 1872 plebi
489 1774 648 1842 sestertios
670 1778 766 1858 (109)
785 1765 901 1834 viritim
914 1760 1022 1841 dedit,
1044 1774 1140 1842 seque

222 1901 376 1994 collegam
397 1893 570 1962 consulatui
592 1893 657 1970 ejus
680 1883 861 1955 destinavit:
885 1900 942 1944 nec
956 1875 1027 1942 ideo
1040 1871 1140 1937 since·

225 2042 272 2088 rae
292 2013 431 2084 caritatis
452 2008 544 2187 fiscus
566 2005 744 2085 adsecutus,
765 1996 885 2068 amoliri
908 1998 1051 2076 juvenem
1073 2007 1141 2076 spe-

133 2166 138 2172 ·
227 2137 276 2202 cie
299 2130 422 2196 honoris
448 2126 576 2204 satuit,
597 2121 771 2208 struxitque
792 2135 911 2193 causas,
934 2103 987 2176 aut
1000 2103 1142 2173 forteob-

230 2247 308 2314 latas
330 2240 476 2328 arripuit.
492 2235 564 2302 Rex
579 2231 791 2319 Archelaus(1
801 2237 854 2314 10)
862 2222 1143 2317 quinquagesimum

232 2377 347 2428 aunum
358 2347 757 2463 Cappadociapotiebaturo
777 2338 1041 2418 invisusTiberio,
1063 2332 1145 2424 quod

136 2507 138 2511 ’
164 2549 174 2557 ,
234 2497 306 2546 eum
328 2469 434 2539 Rhodi
456 2482 602 2558 agentem
625 2462 711 2531 nullo
732 2459 830 2527 officio
852 2455 1010 2522 coluisset:
1034 2470 1093 2515 uec
1118 2447 1147 2514 ii
1204 2533 1205 2538 ἵ

237 2572 409 2661 Archelaus
436 2605 492 2675 per
521 2579 691 2672 superbiam
713 2573 874 2656 omiserat,
896 2572 949 2644 sed
977 2567 1013 2634 ab
1035 2563 1146 2632 intimis

238 2705 375 2801 Augusti
396 2701 527 2770 monitus
534 2721 546 2783 ,·
571 2697 643 2786 quia
664 2695 801 2776 florente
819 2677 867 2760 C}
883 2687 1020 2767 Cesare,
1044 2685 1146 2748 misso-
1204 2731 1205 2762 ;

239 2843 300 2913 que
319 2813 360 2890 ad*
378 2842 428 2888 res
449 2815 610 2896 Orientis,
633 2807 863 2880 intutaTibetii
885 2802 1018 2872 amicitia
1041 2798 1148 2866 crede-

241 2938 344 3006 batur.
366 2934 439 3019 Ut,
462 2956 547 3002 versa
568 2927 730 2998 Caesarum
750 2926 870 3006 sobole,
894 2919 1056 3010 imperium
1079 2913 1149 2982 ade·

241 3071 313 3146 ptus
333 3067 399 3133 est,
421 3051 508 3116 elicit
516 3048 702 3114 Archelaum
725 3039 956 3118 matrisiiteris,
979 3053 1068 3123 qum,
1092 3053 1149 3096 non

241 3163 431 3238 dissimulatis
453 3164 506 3232 filii
527 3163 753 3243 offensionibus,
775 3155 972 3224 clementiam
984 3147 1133 3216 offerebat
1139 3145 1149 3229 ‚'
1202 3137 1205 3160 ¹

240 3283 267 3350 si
286 3287 324 3354 ad
346 3281 534 3376 precandum
558 3280 696 3346 veniret:
719 3277 773 3343 ille
795 3275 918 3364 ignarus
932 3268 1015 3350 doli,
1038 3265 1108 3346 vel,
1128 3263 1149 3326 si

241 3399 419 3494 intelligere
432 3397 632 3486 crederetur,
659 3397 720 3466 vim
735 3407 895 3474 metuens,
915 3387 949 3456 in
964 3384 1069 3452 urbem
1083 3403 1151 3475 pro-
