2446 3942
206 311 313 382 xxviii
504 297 840 376 PRAEFATIO.
871 363 897 415 ,Ι

205 493 272 559 que
303 465 548 538 commentariis
579 481 762 551 utcumque
796 463 831 530 id
862 459 1052 550 supple-vit,
1088 462 1128 536 dr
1210 555 1211 558 Ἴ

206 597 390 665 editionem
413 590 531 660 ceteris
539 586 720 688 omnibus,
743 610 819 678 quae
834 606 911 660 ante
927 587 1128 675 prodierant,
1210 578 1212 716 l

207 696 483 811 praestantiorem,
518 737 638 807 magna
669 735 748 786 cum
780 714 923 786 nominis
945 713 997 783 sui
1022 712 1127 804 gloria

208 841 401 934 Antuerpiae
427 840 607 931 publicavit
633 862 722 910 armo
746 865 899 910 nonxruv.
932 837 1044 928 Qum
1068 859 1128 924 po·
1212 855 1213 858 ’

206 987 277 1037 stea
310 969 352 1037 ad
384 989 510 1040 annum
543 989 650 1054 usque
681 990 767 1034 nnc
799 987 882 1054 saepe
917 962 1152 1047 retractavit„

206 1093 416 1184 emendavit,
448 1080 689 1180 melioremque
720 1089 818 1160 fecit.
853 1090 893 1159 In
925 1090 990 1157 hoc
1014 1087 1130 1179 glorie

205 1241 272 1310 suae
297 1199 510 1289 monimento
528 1238 637 1283 rursus
653 1216 846 1284 adornando
862 1219 1062 1284 immortuus
1077 1227 1130 1280 est

205 1363 295 1410 anno
327 1365 442 1425 nncvr,
478 1339 582 1406 aetatis
615 1359 683 1404 suae
709 1362 770 1404 mx.
805 1337 997 1424 Lipsiorum
1025 1337 1132 1422 stirpis

206 1465 364 1552 ultimus,
389 1468 425 1536 dc
449 1484 610 1553 magnum
629 1452 736 1532 ¹decus
759 1463 837 1549 (a).

251 1587 346 1658 Inter
370 1599 484 1656 tantos
509 1586 613 1676 Lipsii
636 1585 784 1676 labores,
810 1586 947 1658 Curtius
970 1587 1133 1675 Pronum,

165 1737 167 1745 ’
205 1715 328 1804 Magni
353 1717 459 1785 Ducis
474 1713 615 1791 Etruriae
640 1736 660 1781 a
683 1717 839 1802 secretis,
863 1717 899 1784 in
922 1711 1132 1782 emendando

205 1841 326 1910 Tacito
358 1839 535 1910 Florentiae
567 1839 689 1908 utilem
731 1863 865 1927 operam
907 1841 1017 1926 posuit
1052 1837 1131 1922 (b).

205 1964 298 2036 Usus
329 1987 433 2034 manu
467 1966 603 2054 scriptis,
617 1965 787 2036 codicibus
818 1941 1029 2036 bibliotheca
1054 1965 1134 2032 Me-

204 2091 329 2176 dicere,
353 2090 428 2156 loca
451 2089 614 2176 plurima,
637 2115 712 2182 quae
737 2093 820 2161 alios
834 2090 1011 2182 fugerant,
1037 2088 1133 2156 resti-

95 2243 106 2255 *
207 2213 273 2281 tuit
297 2215 332 2282 δι
358 2207 556 2294 explicavit.
595 2209 641 2276 lis
665 2211 797 2294 Lipsius
828 2235 898 2278 non
921 2215 1133 2280 mediocriter
1166 2187 1169 2194 Ι

207 2331 345 2424 profecit
370 2335 406 2402 in
431 2329 661 2420 posterioribus
683 2334 749 2403 suis
772 2332 993 2422 editionibus,
1017 2351 1056 2402 ut
1080 2335 1135 2402 ni-

206 2469 391 2533 iescerent.

243 2641 347 2699 trellano
364 2639 483 2712 exemplo
501 2636 625 2714 stiloqne,
643 2658 672 2698 ut
689 2639 741 2712 ipse
759 2636 863 2700 testatur
881 2638 907 2697 in
915 2639 982 2699 notis
989 2639 1022 2698 ad
1029 2639 1125 2698 Annal.

239 2722 291 2780 XI,
313 2722 388 2770 1.-At
406 2717 432 2769 in
451 2717 642 2787 migrationibus
665 2717 718 2772 suis
741 2718 849 2772 laborem
874 2718 962 2781 hunc',
986 2717 1072 2772 liaude
1096 2734 1131 2770 an

240 2805 319 2853 casu,
336 2783 382 2844 sibi
402 2781 498 2859 periisse
516 2781 608 2844 ibidem
627 2791 748 2851 declarat.
766 2790 868 2863 Jadiura
883 2799 956 2844 tanto
973 2789 1070 2860 gravior
1083 2783 1133 2840 mi·-

241 2861 268 2913 bi
287 2863 402 2926 videtur,
420 2863 488 2932 quod
504 2863 559 2916 haec
577 2864 719 2918 adolescens
735 2863 878 2932 scripserat,
902 2856 934 2918 ac'
949 2862 1052 2932 proinde
1068 2878 1130 2914 cum

239 2932 265 2986 ei
282 2935 358 2986 molle
375 2943 399 2988 δι
417 2937 516 3004 elegans
536 2935 620 2990 adhuc
640 2951 692 2990 aar
709 2937 859 3008 ingenium.
884 2941 991 2998 Postea,
1008 2933 1131 3004 singulari

228 3005 349 3059 'humani
367 3007 460 3078 ingenii
486 3008 671 3074 inconstantia,
697 3009 724 3063 in
749 3001 856 3064 deterius
881 3020 1013 3070 mutatus,
1036 3007 1130 3060 durum

240 3085 264 3134 dt
283 3077 409 3131 horridum
425 3076 545 3134 scribendi
563 3100 643 3150 genus
661 3081 814 3136 adsediavit.
1142 3141 1154 3148 ,,

176 3149 186 3164 ‘
204 3147 251 3226 (a)
272 3152 416 3204 Innumerae
435 3169 520 3220 postea
538 3148 640 3225 fuerunt
658 3145 789 3226 Lipsianae¹
803 3154 941 3220 editiones,
964 3170 1071 3224 quarum
1089 3149 1131 3205 ni·

240 3223 367 3278 tidissirnae
383 3237 462 3308 sunt,
479 3243 536 3295 qna
554 3227 622 3293 typis
638 3218 801 3282 Elzevirianis
819 3220 925 3297 prodiere
941 3223 1064 3296 Lugduni
1081 3225 1132 3280 Ba-

239 3307 358 3362 tavorum
375 3315 450 3352 annis
472 3307 552 3364 soar,
573 3308 642 3360 ¹⁶³4
661 3307 685 3354 dt
706 3309 784 3360 1640.

205 3355 250 3449 (d)
269 3367 377 3424 Pithena
400 3387 495 3424 seorsus
521 3381 593 3424 notas
617 3363 727 3440 primunr¹
752 3366 844 3431 edidits
870 3364 967 3427 ,deinde
990 3364 1130 3424 editionem

227 3453 293 3504 *ipse
308 3441 439 3498 adornavit
464 3459 584 3496 excusam
602 3443 765 3504 francofurti
782 3463 852 3500 anno
873 3451 953 3509 1607,
977 3439 1128 3499 &Aurelio

241 3509 402 3584 Allobrogum
419 3525 489 3579 anno
509 3525 588 3581 1609.
