2538 3948
259 297 316 352 332
531 263 585 344 ΙΝ
616 207 893 348 [ΙΕΗΗΜἸ.
945 289 948 298 “

288 429 335 484 que
348 405 487 476 bonorum,
505 432 563 482 pro,
580 416 623 468 alii
640 415 762 476 honores,
779 424 803 468 or
820 417 853 469 sic
870 417 933 470 solet
950 415 1074 470 Tacitus.
1093 399 1172 468 Msb

288 481 424 556 sipbara,
443 500 471 538 ut
489 488 649 540 consulatus:
667 499 717 542 aur
733 504 819 548 rma,
843 502 871 539 ut
887 488 1028 557 ‚tribunicia
1046 501 1173 555 potestas,

286 557 395 624 regimen
415 574 533 620 morum,
549 577 706 628 quamquam
725 576 770 612 nac
788 559 918 622 tribunus,
935 577 981 612 nec
992 577 1078 612 censor
1090 571 1172 612 esset.

253 621 320 696 (33)
340 626 552 694 Necessitudirrr,
570 632 587 682 i.
604 632 808 694 e.·nocessicate‚
825 649 907 701 quum
925 633 950 684 id
966 646 1076 700 tempora
1085 633 1175 699 reipu-

289 701 359 752 blica
378 716 520 767 poscerent.

254 767 320 844 (³4)
340 771 644 830 Dum...r'slcr'sceretrrr.
663 775 917 830 GodexFlorentinus
935 741 1175 838 habeotonmnde

289 845 375 914 Jacob.
382 847 527 902 Gronovius
543 850 682 914 suspicatur
698 848 852 916 legendum,
869 846 955 902 multa
967 848 1083 902 Antonio
1096 859 1175 907 runc,

288 912 460 988 inrep‘rbboros
474 920 558 992 patris
576 932 608 974 ut
625 918 801 974 ulcisceretur.
822 921 916 974 Vocula
932 932 981 982 ar,
1005 920 1038 972 ob
1062 937 1174 988 sequens

290 989 460 1052 vocabulum,
478 989 550 1044 facile
569 994 650 1058 potnit
667 994 765 1045 omitti.

253 1059 320 1132 (35)
339 1064 480 1134 Corruptos
497 1061 608 1118 consulis
624 1062 745 1136 legiones.
766 1067 906 1131 Qrartam,
924 1066 1086 1126 &Martiam
1105 1079 1177 1132 quas

262 1189 267 1200 ,
288 1133 393 1186 abduxit
410 1135 441 1186 ab
461 1137 573 1188 Antonio
589 1140 706 1190 consule.
727 1139 788 1197 Vide
806 1139 862 1190 Cic.
880 1138 944 1190 Phil.
965 1155 988 1196 s.

253 1201 319 1277 (3⁶)
338 1211 383 1260 Ne
399 1205 461 1278 ipsis
477 1205 594 1278 quidem,
611 1210 657 1280 qui
666 1205 760 1280 fecem.
786 1211 890 1261 Videtur
906 1209 1058 1261 admittenda
1075 1207 1177 1260 Museti

289 1279 431 1342 conjeuura
448 1280 553 1348 legentis
570 1281 616 1350 qui
630 1294 724 1354 cepere,
741 1297 771 1334 ur
788 1282 853 1333 dicat
873 1283 978 1334 Tacitus
995 1281 1133 1334 divisiones
1147 1279 1178 1329 il-

287 1351 324 1404 las
341 1368 373 1404 ne
392 1353 450 1417 ipsis
467 1353 569 1417 quidem
590 1355 729 1413 veteranis,
747 1354 791 1420 qui
809 1371 879 1421 agros
897 1366 1062 1420 acceperant,
1086 1351 1176 1404 lauda-

287 1436 340 1474 tas.

250 1479 317 1560 (37)
336 1491 489 1554 Lollianas,
506 1495 683 1565 Varianasque
697 1489 796 1548 clades.
815 1501 895 1548 Rom.
904 1497 1030 1550 exercitus
1048 1495 1098 1550 sub
1115 1494 1180 1548 Lol'⁴

284 1563 318 1613 lio
335 1573 357 1616 or
378 1570 440 1616 Varo
457 1581 532 1614 caesos
548 1584 564 1616 a
582 1566 729 1618 Germanis.

249 1629 315 1704 (38)
336 1647 377 1708 Q
395 1631 475 1688 redii
492 1631 525 1694 (ἵ
543 1633 616 1690 Vedii
635 1633 762 1700 Pollionis
785 1635 876 1691 luxus.
902 1629 952 1690 Ms.
973 1629 1086 1700 unicus,
1109 1649 1180 1690 teste

284 1707 411 1768 Pithena,
437 1707 512 1760 habet
529 1710 582 1760 sine
605 1709 778 1772 distintione,
803 1703 952 1780 nubererquo
968 1706 1066 1776 Tedr'r'.
1094 1710 1181 1764 Unde

286 1778 449 1841 Rhenanus,
467 1780 566 1834 sublata
584 1799 645 1832 voce
663 1778 760 1841 Tedir',
778 1781 837 1848 legit
857 1795 897 1854 ,Q
909 1777 999 1834 rodii.
1018 1787 1084 1832 Vero
1102 1781 1179 1838 simis

285 1853 335 1904 lius
352 1865 390 1904 est
407 1851 470 1906 duos
486 1853 623 1920 appellatos
639 1871 691 1906 esse
708 1870 851 1922 ganeones,
867 1870 975 1920 quorum
994 1854 1099 1906 nomine
1120 1871 1178 1905 maa

286 1925 309 1976 lc
327 1923 432 1976 audierit
450 1933 598 1992 Augustus,
623 1939 651 1976 ut
669 1927 713 1992 qui
730 1926 856 1978 luxuriose
873 1925 942 1992 apud
964 1942 1006 1978 eos
1029 1923 1180 1992 frequenter

286 2010 412 2064 coenaret.
430 2003 470 2052 De
489 1997 568 2050 Vedio
585 1998 696 2050 Pollione
713 2011 810 2050 cosrstat
828 2014 860 2049 ex
878 2003 970 2050 Seneca
986 1997 1016 2048 de
1034 1997 1067 2048 ira
1088 2016 1115 2058 3,
1126 2015 1177 2056 40.

287 2077 312 2121 dr
330 2069 410 2122 Plinio
429 2088 455 2131 9,
471 2087 515 2120 η.
530 2070 597 2122 l'rior'
613 2071 713 2137 ignotus
729 2085 783 2130 est,
801 2069 849 2122 nisi
867 2068 1102 2122 curnFreinshemio
1113 2087 1177 2122 sus⁴

287 2141 373 2206 piccris
389 2141 508 2206 scriptum
527 2142 575 2194 hoc
593 2141 648 2194 loco
665 2141 741 2194 fuisse
758 2146 810 2196 Cn.
829 2140 932 2214 Magri.
950 2143 999 2193 Hic
1017 2157 1076 2192 cum
1089 2141 1176 2194 Vedio

286 2210 400 2276 jungitur
422 2216 493 2262 Ann.
523 2230 566 2272 ra,
593 2223 636 2264 60.
660 2231 706 2266 nec
731 2214 955 2280 immeriroluxus
977 2213 1048 2281 argui
1071 2225 1174 2282 potest,

262 2337 264 2344 .
287 2281 380 2348 quippe
398 2283 442 2348 qui
460 2283 541 2336 Plinio
563 2301 606 2344 12,
625 2302 650 2336 2.
669 2286 764 2336 dicatur
783 2286 909 2338 invenisse
934 2301 1035 2336 nemora
1052 2285 1171 2337 tonsilia.

251 2347 319 2423 (39)
339 2352 438 2406 Gravis
455 2351 485 2406 irs
502 2349 611 2426 rempub.
629 2368 725 2408 mator.
751 2356 790 2409 Ob
814 2357 945 2408 admotum
970 2356 1073 2422 imperio
1093 2355 1174 2407 Tibe-

284 2425 368 2476 rium.
386 2423 502 2478 Gravior
518 2423 607 2480 domur'
622 2429 756 2480 Cesaram
772 2445 894 2489 noverca,
918 2439 944 2476 ur
963 2444 1020 2494 quae
1039 2432 1172 2489 Caesares,

289 2497 422 2564 ipsumque
441 2501 586 2565 Augustum
611 2515 710 2550 veneno
733 2499 860 2552 sustulisse
885 2497 1084 2550 insimularetur.
1109 2505 1172 2552 Vox

279 2567 387 2642 gravior
403 2582 439 2620 est
456 2587 471 2620 a
489 2570 615 2632 Pichena,
631 2567 690 2636 liber
707 2588 754 2622 ms.
772 2569 847 2622 habet
860 2567 984 2642 gravius.
1005 2569 1080 2622 Unde
1095 2573 1170 2622 Bero-

285 2641 357 2694 aldus
373 2641 458 2706 junior
474 2641 571 2696 dederat
583 2639 687 2725 pravis.
706 2645 770 2706 Qpe
789 2660 841 2696 vox
860 2642 920 2694 huic
937 2643 992 2694 loco
1010 2641 1108 2696 videtur
1123 2660 1171 2710 ap·

286 2714 347 2766 tior:
372 2729 455 2782 neque
477 2714 544 2766 enirn
563 2715 638 2768 Livia
660 2715 747 2766 domui
772 2719 900 2768 cesarum
925 2731 1033 2768 noverca
1054 2716 1168 2784 gravior,

288 2803 366 2854 qoam
387 2799 464 2838 mater
482 2787 507 2838 in
523 2785 716 2854 rempublicam.
972 2849 974 2854 Ι

252 2853 318 2929 (4ο)
338 2861 381 2910 Do
398 2851 488 2912 babitu
508 2855 585 2930 volso
603 2877 647 2924 ur,
672 2859 755 2928 Vulgo
772 2855 906 2930 cultuque.
931 2859 977 2912 Sed
999 2859 1060 2928 qnid
1077 2859 1102 2910 in
1122 2860 1167 2910 Ti.

287 2927 345 2978 berii
364 2930 434 2980 cultu
453 2931 563 2984 notabile
581 2881 654 2984 biens
671 2947 757 3000 negat·
768 2949 794 2998 se
819 2945 928 3000 usquam
944 2931 1031 2998 legisse
1049 2931 1166 2998 Lipsius:

285 3011 312 3050 at
329 2999 359 3048 de
376 3016 488 3054 sermone
506 2999 631 3074 vultuque
647 3006 726 3066 ejus,
741 3000 922 3076 adrogantibus
941 2997 974 3062 (ὅ
986 2997 1095 3058 obscuris
1105 3005 1165 3072 legi·

286 3086 344 3124 mus
362 3069 425 3124 inlia
445 3090 489 3140 33.
507 3079 623 3140 Praeterea
640 3075 694 3126 haec
706 3077 756 3128 duo
768 3077 857 3136 verba,
873 3071 990 3132 habitum
1003 3073 1165 3144 vultumque,

285 3142 376 3210 saepius
400 3143 485 3209 jungit
511 3149 630 3200 Tacitus.
656 3147 717 3200 Vide
735 3151 805 3200 Ann.
828 3159 871 3208 1⁶,
889 3165 932 3199 22.
958 3148 1052 3198 Histor.
1075 3165 1100 3208 1,
1123 3161 1163 3205 17.

285 3228 314 3286 a,
334 3231 374 3276 52.
406 3217 495 3281 Iraque
518 3234 578 3270 cum
602 3223 705 3270 Emesto
727 3221 856 3288 sequimur
878 3217 1038 3272 certissimam
1064 3215 1163 3273 Heiusii

286 3287 488 3354 emendationem
507 3303 539 3350 err
558 3289 694 3351 Suetonio,
712 3309 789 3358 quern
808 3292 864 3344 vide
883 3291 908 3341 in
928 3290 987 3342 Tib.
1007 3293 1050 3342 68.

248 3351 315 3422 (41)
333 3357 410 3411 Vario
424 3353 576 3414 disserebat.
594 3362 682 3424 Quum
700 3363 792 3414 seilicet
809 3380 879 3414 nunc
897 3362 992 3428 imperii
1011 3361 1160 3430 magnitudi-

277 3439 344 3488 nem
362 3430 503 3492 extollent,-
522 3449 593 3502 nonc
610 3429 869 3506 modsrliqmlsrsarn,
888 3433 1055 3502 inmodicas
1067 3443 1090 3489 or
1107 3434 1160 3488 exi-
