2446 3942
223 317 333 368 26·
462 295 949 368 ANNALl-UMLIB.I.

289 446 435 516 XXVII.
466 443 627 523 Postremo
655 447 798 514 deserunt
828 447 978 528 tribunal,
1016 463 1051 511 ut
1079 448 1142 536 quIs
1208 492 1209 522 1

188 587 190 594 ’
223 564 477 655 praetorianorum
500 559 652 646 militum,
674 539 1018 630 amicorumveCaesrris
1039 585 1141 628 occur·
1208 623 1209 630 ,

222 696 326 760 reret,
356 702 461 746 manus
491 681 699 761 intentantes,
736 701 856 745 causam
886 679 1043 746 discordie:
1074 685 1144 766 (82)

223 794 258 860 dt
281 795 402 861 initium
425 817 595 861 armorum:
621 797 751 862 maxime
773 792 881 860 infensi
905 795 966 863 Cn
989 794 1143 874 Lentulo,

221 911 341 1001 quod
332 933 356 976 rs
386 927 459 978 ante
488 912 562 979 alios
592 929 686 978 aetate
715 910 749 979 ἃ
779 912 876 1000 gloria
906 911 996 991 belli,
1025 908 1145 974 firmare
1209 985 1210 996 p

222 1024 362 1092 Drusum
384 1028 582 1107 credebatur,
611 1027 721 1093 &illa
746 1027 864 1092 militiae
887 1027 1004 1116 flagitio
1033 1028 1145 1112 primus

221 1144 393 1232 aspernari.
425 1141 490 1209 Nec
521 1143 619 1208 multo
641 1159 711 1231 post
733 1143 957 1232 digredientem
980 1163 1049 1205 cum
1071 1138 1145 1208 Cae-
1209 1171 1210 1180 ¹

224 1279 310 1339 sare,
332 1283 368 1325 ac
389 1261 509 1346 provisu
532 1257 661 1345 periculi
685 1257 808 1336 hiberna
822 1273 924 1322 castra
939 1274 1146 1346 repetentem,

196 1376 199 1383 '
223 1374 469 1452 circumsistunt,
494 1371 683 1462 rogitantes,
715 1393 774 1456 quo
794 1375 962 1458 pergeret?
991 1373 1034 1438 ad
1053 1377 1146 1458 Impe-

225 1504 382 1568 retorem,
411 1509 452 1552 an
475 1489 517 1552 ud
532 1489 669 1586 patres?
698 1465 733 1552 ut
755 1486 821 1552 illic
843 1509 962 1572 quoque
982 1487 1148 1564 commodis

225 1603 372 1688 legionum
400 1603 650 1672 adcurreretur?
680 1602 768 1668 simul
799 1602 968 1693 ingruunt,
1005 1627 1074 1668 saxa
1105 1606 1147 1683 ja-

225 1719 328 1784 ciunt:
353 1721 474 1808 jamque
495 1718 602 1807 lapidis
624 1718 682 1786 idlu
713 1735 877 1799 cruentus,
908 1717 942 1784 dc
971 1718 1058 1782 exitii
1079 1737 1150 1780 cer·

224 1852 294 1915 tus,
319 1835 448 1902 adcursu
471 1819 694 1917 multitudinis,
715 1828 787 1926 quei
806 1857 877 1900 curn
891 1832 997 1900 Druso
1018 1833 1150 1898 advene-

226 1969 294 2032 rnt,
317 1950 470 2040 protedlus
490 1969 553 2018 est.
1152 1989 1157 2005 ·

233 2119 237 2126 .
286 2064 449 2134 XXVIII.
472 2063 599 2134 Nouem
630 2069 813 2148 minacem„
829 2064 864 2132 dt
893 2067 925 2132 in
955 2065 1051 2132 scelus
1080 2085 1149 2130 eru·

227 2198 372 2271 pturanr,
400 2177 606 2265 forsplenivit:
638 2203 709 2246 nam
731 2183 803 2244 luna
826 2182 910 2246 claro
933 2199 1061 2268 repente
1091 2199 1150 2244 cae-
1212 2183 1213 2208 ³

228 2297 261 2363 Io
284 2293 351 2359 visa.
369 2299 440 2378 (83)
464 2293 682 2383 languescere.
714 2293 750 2358 Id
773 2293 878 2373 miles,
910 2296 1035 2359 rationis
1065 2296 1152 2386 igna-

229 2429 298 2490 rus,
320 2429 409 2474 omen
425 2408 623 2497 praesentium
638 2409 776 2496 accepit,
803 2430 839 2472 ac
853 2407 912 2470 suis
925 2408 1154 2496 laboribus(84)

230 2522 431 2592 defedlionem
452 2523 557 2599 sideris
585 2524 785 2614 adsimulans,
813 2538 1023 2610 prospereque
1051 2545 1152 2589 cessu-

232 2665 290 2723 ra,
313 2665 380 2728 que
400 2656 580 2730 pergerent,
603 2645 631 2710 si
648 2639 755 2727 fulgor
776 2637 820 2714 dr
841 2638 995 2718 claritudo
1009 2640 1069 2706 deae
1085 2638 1151 2704 red-

230 2759 375 2830 deretur.
419 2755 520 2846 Igitur
550 2757 618 2821 aeris
647 2777 738 2842 sono,
777 2755 918 2819 tubarum
946 2775 1154 2844 cornuumque·

231 2891 385 2938 concentu
407 2889 561 2962 strepere:
593 2888 685 2961 prout
714 2870 915 2960 splendidior,
945 2872 1150 2953 obscuriorve,

233 2987 355 3067 laetari,
378 3007 431 3053 aut
455 3009 600 3070 rnaerere:
621 2985 657 3054 dt
681 3005 841 3078 postquam
863 3002 942 3052 ortae
965 2989 1058 3052 nubes
1079 2987 1151 3053 offe-

161 3123 164 3134 ·
233 3122 305 3169 cere
328 3102 421 3182 viui,
444 3103 656 3193 creditumque
678 3104 832 3170 conditam
854 3102 1004 3186 tenebris3
1027 3086 1061 3164 ut
1084 3119 1150 3168 sunt

233 3219 358 3286 mobiles
380 3217 685 3306 adsuperstitionem
714 3219 863 3308 perculsae
893 3199 986 3282 semel
1017 3237 1149 3297 mentes,

234 3333 294 3398 sibi
316 3352 467 3416 aternum
489 3334 624 3402 laborem
643 3333 808 3422 portendi,
830 3353 887 3402 sua
904 3330 1048 3418 facinora
1062 3357 1150 3402 uuer-

235 3453 304 3538 rari
335 3451 404 3518 deos
435 3453 667 3537 lamentantur.·
700 3447 863 3520 Utendum
894 3449 1090 3519 inclinatione
1116 3471 1150 3516 ea
