2538 3948
317 299 630 375 ANNALlUM
661 299 840 372 NOTAE.
980 329 1039 386 svs

134 443 187 518 σς)
205 445 303 501 Animo
318 443 457 500 &uersus-
476 449 521 498 De
539 457 590 512 quo
608 441 672 497 Vide
689 445 759 497 nnn.
783 458 845 506 m,
863 449 888 498 dt
906 451 935 508 6,
945 456 969 504 ς.

141 517 190 592 ⁶⁶)
209 521 248 573 Ut
265 514 363 572 retuli.
382 519 488 576 Antra,
508 531 551 576 34·

134 591 184 664 ⁶7)
202 594 256 646 Per
272 586 422 644 inumdicas
441 587 614 644 iuimicitias.
632 591 671 642 Eo
687 587 755 657 quod
772 589 865 642 avidus
877 600 942 643 esset
955 588 1047 642 inimi-

159 663 296 724 citiarum,
309 675 398 730 casque
413 662 466 712 sine
480 661 555 714 modo
566 673 706 714 exerceret.
726 660 816 728 lutati
836 673 959 715 stamus.
974 665 1046 714 Cum

159 749 264 789 senatus
281 733 355 784 deum
373 743 463 784 testem
480 733 627 788 advocasset
652 749 678 786 se
695 732 726 784 de
744 749 770 784 re
788 733 915 800 proposita
932 733 1044 786 censitu-

157 825 230 868 tum,
248 806 315 875 quod
332 823 345 855 e
363 804 413 856 fide
430 822 476 858 sua
493 824 568 875 reque
584 804 683 874 publica
698 805 837 858 videretur.
849 804 894 856 ‚sic
909 804 976 870 apud
984 805 1046 858 Dio·
1145 787 1158 805 '¹

159 880 262 946 nysium
283 893 309 936 7.
328 877 434 930 Tribuni
453 878 529 944 plebis
552 880 691 946 impetrant
715 889 745 930 ut
770 877 796 930 in
822 893 899 932 causa
917 874 1047 930 Quintam

159 965 262 1004 senatus
279 951 374 1013 juratus
390 952 542 1004 sententiam
559 951 648 1014 dicat,
672 963 702 1004 ut
724 951 786 1004 solet
810 950 840 1002 in
861 963 980 1002 consessu
1005 950 1047 1012 ju-

162 1023 264 1076 dicum.
802 1041 805 1044 ·

123 1092 191 1169 (68)
212 1099 385 1150 Amaveretut
403 1131 410 1148 .
436 1095 512 1159 Quod
530 1097 553 1148 ei
571 1095 659 1149 accidit
676 1095 722 1148 sub
739 1097 869 1164 Augusto.
893 1091 956 1150 Vede
973 1095 1045 1144 Anu.

164 1186 174 1217 ι
206 1185 251 1227 7²·

121 1201 192 1314 (69)
211 1233 428 1312 Τνίνηιρόαἶὶανη
445 1237 559 1313 insigni.
578 1241 644 1296 vide
662 1243 732 1293 Ann.
754 1255 780 1302 3,
797 1256 842 1298 72.

121 1311 190 1387 (70)
209 1318 317 1436 letoque
334 1329 349 1364 e
364 1311 517 1386 pruvincia.
536 1317 577 1367 Ex
594 1330 626 1367 ea
643 1325 712 1380 parte
730 1310 820 1367 Amce
841 1328 898 1382 que
917 1308 1046 1366 Romanis

160 1401 219 1452 pare
236 1400 277 1438 at.

111 1454 193 1531 ·(7r)
213 1455 322 1530 Lagaris
346 1469 396 1510 aut
421 1453 558 1513 tribunis.
582 1458 622 1512 Sic
647 1457 729 1510 unico
753 1456 932 1518 membranae,
957 1454 1050 1506 melius

164 1546 242 1598 quam
261 1529 320 1582 editi
338 1525 431 1602 legatis
443 1547 474 1584 aa
491 1525 621 1584 tribunis.
638 1535 725 1592 Nam,
742 1543 772 1582 ut
784 1529 898 1582 observat
914 1533 1053 1588 Ernestus,

161 1615 215 1653 non
234 1613 271 1654 tot
289 1600 396 1654 habebat
413 1601 510 1671 legatos
526 1600 672 1670 Dolabella,
690 1615 718 1652 ut
731 1600 836 1670 singulis
851 1599 996 1669 agminibus
1013 1599 1048 1651 le·

163 1687 252 1742 garum
270 1689 411 1740 preponere
427 1687 527 1740 possete
546 1676 633 1741 itaque
650 1671 740 1740 partim
756 1669 863 1740 legatis,
888 1671 980 1740 partim
1005 1670 1049 1724 tti-

159 1745 236 1797 bunis
248 1745 331 1796 dedit.
434 1791 435 1794 ,

130 1813 195 1887 (72)
214 1813 315 1870 Positis
330 1810 493 1885 mapalibus.
510 1813 585 1876 Qud
603 1812 707 1881 signum
731 1827 783 1864 erat
809 1828 884 1864 morae
909 1812 1048 1880 longioris,

161 1903 239 1955 quam
259 1885 291 1937 ibi
309 1883 407 1936 trahere
424 1885 630 1938 constituissent.
649 1879 772 1956 Mapalia
794 1883 911 1934 dicuntur
934 1882 1049 1955 aedificia

164 1955 352 2014 Numidarum
369 1957 530 2030 ursatium,
546 1953 671 2028 oblonga,
687 1953 805 2009 incurvis
819 1951 946 2012 lareribus
958 1953 1048 2022 retia,

162 2029 243 2102 quasi
259 2027 372 2084 navium
388 2029 501 2084 carina.
519 2028 579 2084 sall.
597 2029 659 2096 Jug.
681 2029 722 2079 ri.
1038 2031 1042 2044 ¹

126 2101 141 2176 (
145 2119 174 2164 73
213 2099 420 2176 Praepedt'tt‘s...
439 2099 530 2173 equit.
548 2099 637 2154 Pedite
654 2098 775 2154 retentis.

126 2177 177 2248 (74
212 2177 263 2228 Per
280 2170 442 2248 manipulos.
456 2177 532 2229 Erant
545 2173 572 2224 iu
585 2173 684 2242 legione
698 2171 814 2224 centuriae
827 2173 981 2242 sexaginta,
992 2189 1048 2228 tna-
1067 2195 1070 2201 ¹

161 2245 243 2314 nipuli
260 2244 383 2314 triginta,
399 2245 512 2299 cohortes
529 2245 632 2298 decem.
650 2245 749 2300 Gellius
769 2253 812 2306 rs,
829 2260 856 2303 4.

128 2317 190 2394 (75)
208 2317 332 2390 Daiediis
351 2355 425 2372 .....
443 2315 628 2392 stipatoribus,
646 2319 664 2372 i.
682 2337 706 2370 e.
725 2319 865 2384 prostratis:
884 2319 1047 2387 quomadmo.

161 2391 222 2442 dum
240 2391 374 2454 Phaedrus,
390 2401 462 2465 super
493 2389 629 2446 'uvantum
650 2386 740 2444 trabat
756 2383 898 2461 ¹adajadium
919 2388 972 2446 lau.
998 2396 1047 2445 Co·

163 2463 212 2514 dex
230 2465 319 2516 unicus
342 2463 416 2516 babet
438 2407 545 2518 aeduis
568 2461 638 2518 nullo
654 2477 752 2520 unse:
778 2461 925 2518 emendavit
947 2469 1046 2518 Grono-
1111 2496 1113 2502 ·

163 2536 237 2588 vius.
255 2537 366 2590 Pithena
383 2533 481 2604 legebat
496 2533 602 2592 deletis.

129 2605 196 2680 (7⁶)
215 2611 277 2660 Nec
293 2605 370 2680 culpa
389 2607 494 2662 nescia.
519 2609 569 2662 Alii
586 2607 673 2678 legunt
695 2613 733 2661 Er
756 2602 834 2678 culpa
857 2605 965 2668 nescia,
990 2623 1046 2673 quae

163 2679 234 2732 leuia
251 2693 317 2732 stare
334 2695 386 2730 non
404 2692 507 2746 potest‚·
526 2697 588 2732 nam
605 2696 633 2731 su
665 2697 679 2732 a
698 2695 713 2727 2
719 2695 744 2738 ς.
762 2677 826 2730 dixit
840 2677 989 2751 praedatum
1005 2696 1046 2731 ra-

133 2793 137 2802 .
162 2761 284 2821 captarem
300 2745 334 2810 (31
351 2750 449 2804 socium
463 2747 604 2825 papulam&
634 2753 705 2804 uiue
729 2767 812 2822 ragam
829 2757 1046 2812 Garamantum,

163 2822 250 2876 mistis
272 2817 376 2900 levibus
398 2822 497 2895 capiis.
528 2823 642 2889 Reponir
666 2825 721 2888 Jac.
739 2821 887 2878 Gronovius
910 2815 944 2880 t&
967 2819 1047 2895 culpa
1113 2849 1115 2852 ·

162 2911 215 2948 neu
232 2893 336 2956 nescim
354 2909 411 2962 quo
429 2894 530 2962 negatio
545 2895 638 2960 scripta
661 2909 702 2959 per
719 2910 798 2946 unam
814 2893 912 2946 literam
938 2911 998 2948 curn
1017 2893 1048 2950 li·

164 2964 238 3020 neola
254 2967 429 3033 superinduda
446 2963 576 3018 librarium·
588 2963 705 3020 frustrata
722 2967 771 3018 sit.

130 3037 195 3112 (77)
214 3038 340 3110 Antiqua
357 3049 464 3112 patrum
479 3055 605 3092 munera.
624 3040 689 3104 Qua
701 3053 814 3092 munera
830 3037 891 3092 olim
908 3038 941 3094 ab
951 3053 1045 3097 senam

165 3110 261 3180 regibus
278 3111 456 3164 mittebantur.
857 3149 862 3156 .

131 3177 198 3254 (78)
216 3179 690 3257 cumviuia...callmmera.
709 3185 772 3250 Quo
787 3184 1046 3252 provinciametitima

166 3251 234 3316 fuit,
250 3263 275 3310 ὰ
292 3272 372 3310 unae
390 3269 497 3324 quatuor
515 3256 665 3324 provinciis,
681 3273 739 3323 quta
753 3268 839 3312 vetera
853 3273 886 3312 eu
899 3273 964 3313 utura
975 3272 1045 3322 qua-

167 3327 275 3379 storibus
292 3327 502 3382 decernebantur.
528 3330 614 3392 Huius
635 3343 722 3382 autem
739 3343 845 3397 quoestor
860 3329 951 3382 traiiui
969 3333 1046 3384 Cam·

168 3413 235 3466 pano
259 3401 413 3471 Sidicinoque
437 3399 536 3468 prefuit
560 3399 720 3456 Brundisium
744 3419 841 3471 usque.
864 3400 953 3456 Codex
977 3400 1046 3456 Flot.

169 3470 254 3526 scribit
276 3469 392 3538 calles,
417 3473 492 3544 idque
515 3475 624 3530 restituit
649 3475 789 3540 Ryckiuse
812 3473 854 3528 sed
871 3473 985 3544 observat
1003 3479 1046 3528 Er·

655 3553 760 3630 nat
