2474 3944
256 317 317 376 3²0
455 281 757 358 ANNALIUM
783 283 879 352 ΗΒ.
904 285 967 356 VI.

186 507 196 524 ,
251 459 333 510 teras
354 437 492 508 Phraatis
517 435 552 506 dr
573 435 745 518 Hieronis,
766 435 820 524 qui
844 435 1043 502 validissimas
1057 406 1167 526 praeie-

143 611 147 618 .
249 557 347 624 duras
368 555 567 637 obtinebant,
589 552 721 642 accipit,
746 549 870 618 brevem
889 573 1011 620 morans
1035 573 1168 642 precan-

249 673 347 755 tium,
373 671 578 762 placitumque
591 670 735 757 opperiri
750 669 843 733 uiros
851 666 1089 753 proponentes.
1106 664 1172 732 At·

249 810 313 880 que
334 788 467 854 interim.
480 784 679 876 Ctesiphon,
700 781 788 850 sedes
809 781 950 869 inperii,
973 783 1098 871 petitas,
1117 781 1173 856 sad

252 905 303 972 ubi
322 904 405 971 diem
426 923 465 970 ex
485 903 536 970 dic
558 899 770 990 prolatabant‚
800 895 906 964 multis
925 917 1031 964 corana
1061 894 1097 964 br
1119 897 1172 974 ad·

251 1019 467 1112 probantibus,
488 1017 606 1086 Surena
627 1023 718 1104 (97),
747 1013 850 1105 patrio
871 1034 975 1097 more,
1004 1009 1173 1082 Tiridaten

251 1135 365 1228 insigni
385 1135 472 1228 regio
493 1132 630 1202 evinrit.

257 1249 436 1328 ·.XL111
463 1244 560 1318 bc
536 1272 561 1316 tr
582 1249 688 1330 statim
712 1207 884 1329 interiora,
912 1263 1093 1336 ceterasque
1117 1269 1170 1320 na-

254 1369 358 1436 tiones
379 1361 565 1455 petivisset,
594 1383 738 1452 oppressa
766 1361 977 1436 nuntiantium
1007 1359 1174 1442 dubitatio,

256 1479 293 1548 ἀ
314 1499 420 1546 ornnes
441 1478 544 1564 (98)'
535 1501 566 1541 un
583 1497 676 1543 unum
691 1476 858 1542 cedebant:
882 1478 1050 1546 adsidendo
1065 1477 1175 1546 castel·

251 1593 335 1673 ium,
364 1592 396 1654 in
418 1589 499 1680 quud
521 1588 680 1679 pecuniam
701 1586 737 1654 &
758 1588 886 1677 pellices
900 1589 1082 1659 Artabanus
1103 1615 1176 1662 con-

250 1709 387 1788 tulerat,
408 1705 495 1778 dedit
518 1704 648 1794 spatium
669 1702 802 1774 exuendi
822 1702 930 1792 pada.
953 1703 1034 1772 Nam
1057 1705 1177 1786 Phraa-

252 1841 301 1890 tes
323 1821 358 1890 dr
380 1821 502 1902 Hiero,
524 1818 560 1888 dr
582 1819 680 1908 siqui
705 1819 756 1886 alii
772 1818 922 1889 deletiuur
944 1803 1097 1910 caniendo
1112 1824 1176 1896 dia-

254 1939 370 2006 demati
384 1938 466 2004 diem
481 1936 558 2002 haud
573 1935 884 2016 concelebraverant,
894 1957 970 2026 ⁴prus
984 1954 1089 2020 metu,
1106 1939 1178 2027 qui,

254 2057 325 2123 dam
347 2053 459 2128 invidia
480 2053 512 2118 in
534 2046 745 2144 Abdagesen,
775 2051 828 2140 qui
851 2067 918 2126 tum
939 2051 1026 2134 aula,
1054 2050 1090 2126 dc
1117 2077 1176 2120 no-

257 2193 297 2236 ro
318 2191 394 2259 roge
416 2168 611 2256 potiebatur,
632 2167 670 2234 ad
693 2162 888 2242 Artabanum
914 2173 1054 2242 vertere.
1080 2167 1174 2260 Isque

254 2285 286 2350 in
308 2281 464 2362 Hyrcanis
484 2297 626 2370 repertus
647 2297 721 2364 est,
750 2282 867 2356 inluvie
889 2284 1028 2365 obsitus,
1059 2282 1096 2352 ὃ(
1117 2285 1173 2355 ali-

254 2411 358 2464 menta
386 2419 459 2463 arcu
487 2395 670 2484 expediens:
699 2419 735 2464 ac
756 2397 882 2488 ptimo,
905 2413 1061 2485 tamquam
1084 2399 1173 2470 dolus

211 2585 217 2606 Λ
254 2529 433 2606 pararetur,
456 2511 580 2580 territus
587 2536 598 2599 3
621 2511 671 2576 ubi
691 2512 763 2580 data
793 2511 866 2578 fides
891 2511 1048 2582 reddenda
1071 2514 1172 2582 domi-

254 2633 373 2698 nationi
394 2633 529 2710 nantior,
550 2627 710 2696 adlevatur
731 2627 891 2710 animum,
912 2625 948 2704 dt
970 2650 1041 2714 qun
1063 2648 1169 2720 repan-

255 2751 324 2814 tina
342 2753 473 2812 mutatio
492 2742 656 2836 exquirit.
686 2741 772 2812 Tum
794 2743 910 2812 Hiero'
926 2748 1095 2832 pueritiam
1116 2749 1170 2821 Τι’-

256 2861 371 2928 ridatis
392 2861 529 2952 increpat
536 2883 550 2946 ,·
570 2879 665 2947 neque
685 2875 778 2949 penes
794 2860 964 2928 Arsaciden
985 2863 1168 2950 imperium,

255 2976 307 3042 sed
327 2981 416 3042 inane
441 2999 548 3046 nomen
575 2978 661 3066 apud
686 2975 836 3046 imbellem
863 2993 993 3044 trtttrna
1019 2977 1167 3056 mollitia,

255 3093 320 3160 uin
345 3095 379 3155 in
401 3091 573 3179 Abdngesis
595 3092 709 3165 domo.

285 3247 287 3252 ·
313 3203 437 3274 XLIV.
460 3205 563 3272 Sensit
579 3223 667 3276 vetus
681 3210 848 3299 regnandi,
870 3203 961 3274 falsos
989 3208 1022 3280 in
1043 3228 1164 3288 amoro,

255 3320 325 3384 odia
347 3343 409 3386 non
431 3317 570 3410 fingere:
598 3343 657 3388 nec
679 3323 759 3392 ultra
787 3335 937 3405 moratus,
975 3337 1066 3412 quarn
1090 3323 1163 3392 dum

255 3425 440 3507 Scytharum
475 3433 583 3500 auxilia
611 3437 774 3520 conciret,
803 3436 908 3526 pergit
937 3461 1103 3531 properus,
1130 3435 1163 3504 δι

1030 3577 1109 3646 prae-
