2432 3940
694 45 710 86 ’ἱ

232 263 292 316 106
431 227 742 317 aunarium
771 239 869 310 Lus
892 239 936 310 u.
1023 239 1026 246 ·

227 395 315 480 roni,
337 395 543 463 vetustissimo
564 391 727 460 liberorum
750 393 834 472 ejus,
856 389 940 482 palia
954 407 1039 460 erat:
1063 387 1144 484 prael

224 509 408 602 feceratque
430 511 493 581 Cn.
510 507 671 592 Pisonem,
693 507 819 600 ingenio
827 507 1017 590 violentum,
1040 508 1075 578 dt
1090 512 1145 577 ob-

224 629 320 719 sequii
341 629 505 721 ignarum,
533 628 629 694 insita·
645 621 759 693 ferocia
788 645 805 689 a
826 641 915 714 patre
936 623 1066 708 Pisone,
1089 629 1144 718 qui

222 744 308 812 civili
330 745 412 814 bello
434 761 633 839 resurgentes
653 738 802 808 inAfrica
809 757 912 830 partes
920 741 1069 810 acerrimo
1081 745 1144 809 mi-

222 860 353 928 nisterio
379 863 522 931 aduersus
543 861 699 930 Caesarem
722 856 824 940 juvit:
854 879 927 924 mox
948 857 1082 926 Brutum
1104 859 1142 927 dt

220 975 363 1046 Cassium
385 999 534 1068 secutm,
555 997 698 1045 concesso
719 972 839 1058 reditu,
861 974 1014 1063 petitione
1041 975 1141 1044 hono-

221 1094 479 1180 rumabstinuit,
507 1095 606 1164 donec
627 1092 710 1160 ultro
738 1089 907 1156 ambiretur
936 1090 1071 1186 delatum
1099 1093 1140 1158 ab

221 1204 370 1304 Augusto
391 1215 583 1280 consulatum
604 1209 761 1298 accipere.
785 1205 846 1274 sed
869 1223 1139 1297 praetergatcrnos

219 1325 361 1412 spiritus,
384 1328 485 1394 uxoris
506 1347 628 1417 quoque
651 1322 808 1412 Plancinae
830 1322 991 1390 nobilitate
1008 1302 1048 1505 igi
1068 1323 1137 1414 opi-

216 1439 271 1504 bus
293 1441 535 1510 accendebatur:
564 1439 616 1508 uix
646 1436 776 1506 Tiberio
804 1439 995 1522 concedere,
1037 1440 1136 1538 iberos

215 1558 286 1637 ejus'
303 1563 414 1644 (κισ),
437 1573 473 1625 ut
496 1559 630 1626 multtum
651 1553 754 1639 infra,
775 1554 967 1646 despoliare:
997 1545 1135 1629 necdu-

214 1669 302 1737 bium
324 1673 472 1756 habebat,
504 1696 537 1740 se
566 1672 737 1766 delestum,
765 1672 818 1762 qui
839 1669 937 1752 Syrio
957 1671 1134 1760 imponere-

215 1801 287 1870 tur,
308 1789 348 1856 ad
370 1812 438 1880 spes
453 1788 636 1856 Germanici
656 1787 856 1856 coercendas.
877 1786 1050 1854 Credidere
1063 1787 1135 1876 qui-

213 1903 286 1969 dam
306 1906 379 1972 data
399 1931 417 1972 a
438 1901 569 1972 Tiberio
590 1907 712 1973 occulta
727 1904 888 1984 mandata,
910 1899 1132 1970 &Plancinam

214 2017 295 2086 haud
323 2022 415 2090 dubie
436 2020 582 2116 Augusta
611 2020 752 2103 monuit,
774 2019 915 2098 muliebri
936 2013 1130 2086 aemulatione

214 2129 424 2222 Agrippinam
447 2137 653 2224 insectando
664 2145 733 2222 17).
748 2135 859 2204 Divisa
875 2157 1007 2226 namque
1022 2129 1056 2200 ἃ
1069 2134 1128 2200 dis-

146 2307 149 2312 ,
212 2267 282 2312 cors
302 2249 483 2334 aulaetat,
508 2251 612 2314 tacitis
633 2251 666 2314 in
691 2249 828 2317 Drusum
842 2250 1124 2318 autGermanicum

210 2358 327 2425 studiis.
350 2358 521 2444 Tiberius,
550 2379 586 2428 ut
615 2363 794 2451 proprium,
825 2363 861 2429 dt
882 2365 931 2430 sui
956 2366 1127 2455 sanguinis,

209 2471 349 2542 Drusum
370 2472 509 2548 fovebat:
532 2477 724 2544 Germanico
745 2479 893 2546 alienatio
913 2479 1016 2568 patrui
1038 2461 1129 2546 amo-

208 2609 278 2659 rem
299 2593 379 2686 apud
401 2611 523 2663 ceteros
543 2609 696 2682 auxerat3
717 2592 753 2662 dt
774 2573 847 2686 quia
868 2594 1127 2664 claritudinema-

207 2709 291 2776 terni
313 2712 435 2804 generis
443 2711 590 2795 anteibat,
611 2710 762 2779 avumM.
771 2707 967 2794 Antonium,
990 2734 1125 2779 avuncu-
1152 2771 1155 2800 r
1206 2701 1207 2760 3

208 2825 272 2890 lum
287 2835 383 2916 (ηε)
398 2825 578 2923 Augustum
600 2825 718 2895 serens:
739 2827 961 2896 contraDruso
981 2850 1123 2919 proauus,

135 2989 139 2992 -
167 2979 169 2982 -
204 2961 301 3030 eques
309 2937 488 3030 Romanus,
503 2941 846 3036 Pomponi'usAtticus,
867 2945 1017 3014 dedecere
1025 2943 1122 3014 Clau-

204 3056 327 3124 diorum
351 3057 499 3152 imagines
521 3064 696 3133 uidebatur:
718 3061 752 3130 dt
774 3057 906 3145 co'njunx
922 3059 1121 3144 Germanici,

205 3169 406 3268 Agrippina,
429 3173 621 3244 fecunditate
648 3201 685 3246 ac
712 3173 793 3244 fama
823 3175 962 3260 Liviam,
990 3199 1118 3244 uxorem
1206 3187 1207 3208 ²

151 3269 156 3272 ’
203 3273 319 3375 Drusi,
342 3291 553 3383 precellebat:
578 3293 630 3359 sed
651 3291 766 3361 fratres
784 3293 912 3386 egregie
930 3293 1116 3380 concordes,

204 3396 240 3466 &
261 3409 472 3491 proximorum
489 3409 707 3479 certaminibus
728 3410 918 3478 inconcussi.
