2432 3940
207 301 245 364 56
423 265 732 340 ausanium
763 266 862 336 nm.
887 253 912 334 r.
954 240 958 258 '
993 337 996 342 ,
1036 347 1038 354 ,

206 433 369 522 Angustus
392 425 416 488 is
439 441 572 523 trames,
598 436 696 486 vastas
720 420 804 486 inter
825 421 972 512 paludcs5
985 412 1128 505 &quom

200 551 278 615 ¹dam
302 542 376 610 aL.
392 538 533 607 Domitio
557 540 739 630 aggeratus':
764 555 868 606 cetera
892 537 1016 614 limosa,
1040 548 1129 596 tena-

162 635 165 648 i
204 661 252 731 cia
275 661 362 754 graui
384 681 496 738 coeno,
516 672 568 720 aut
584 656 655 721 rivis
679 655 798 722 incerta
813 671 920 722 erant:
944 654 1058 719 circum
1076 647 1128 712 sil-

208 803 256 846 vae
278 775 440 868 paullatim
456 771 606 860 adclives3
631 795 705 863 quas
719 788 788 838 tum
804 767 962 840 Arminius
976 764 1129 856 implevit,
1207 777 1208 846 l

208 891 397 984 compendiis
419 891 555 972 uiarum,
586 885 621 956 dt
643 891 707 956 cito
728 891 871 982 agmine,
901 902 1044 954 onustum
1066 903 1128 946 sar·

208 1011 284 1079 cinis
307 1009 458 1096 armisque
481 1006 613 1072 militem
636 1031 707 1074 cum
723 1007 946 1082 antevenisset.
971 999 1128 1078 Caecinae,
1207 1029 1208 1038 ¹

208 1127 359 1196 dubitanti
382 1145 515 1214 quonam
537 1123 628 1189 modo
642 1142 750 1216 ruptos
775 1140 931 1190 vetustate
954 1135 1065 1210 pontes
1081 1095 1133 1180 res

209 1260 361 1336 poneret,
385 1239 534 1324 simulque
557 1241 754 1327 propulsaret
770 1240 910 1321 hostem,
933 1249 1129 1304 castrameta-

209 1361 237 1424 ri
260 1360 293 1424 in
315 1357 383 1420 loco
406 1351 522 1441 placuit
535 1375 545 1436 ;
568 1369 603 1417 ut
624 1377 719 1443 opus,
743 1351 778 1418 dc
793 1355 845 1420 alii
871 1362 965 1441 (176)
985 1351 1130 1442 proelium

209 1475 399 1561 inciperent.

267 1583 394 1655 LXIV.
419 1583 543 1650 barbari
568 1562 762 1680 perfringere
777 1588 925 1654 stationes
947 1589 1063 1672 (κῃ),
1084 1604 1133 1646 ses

209 1725 270 1795 que
292 1699 408 1768 inferre
429 1701 630 1769 munitoribus
651 1705 725 1787 nisi,
749 1706 921 1785 lacessunt,
943 1703 1135 1788 circumgre·

211 1823 356 1921 diuntur,
373 1836 551 1886 occursant:
567 1821 714 1888 miscetur
729 1822 922 1911 operantium
937 1813 1134 1884 bellantium-

212 1960 274 2029 que
297 1938 437 2004 clamor:
475 1933 510 2002 dc
533 1935 641 2002 cundia
664 1939 780 2028 pariter
803 1937 952 2004 Romanis
982 1933 1133 2014 adversn3

213 2057 297 2121 locus
322 2053 438 2142 uligine
462 2050 632 2140 profunda,
655 2053 736 2120 idem
758 2053 795 2120 ad
820 2053 947 2146 gradum
970 2046 1133 2126 instabilis,

214 2166 447 2258 procedentibus
462 2164 610 2252 lubricus3
631 2193 760 2258 corpora
775 2172 880 2258 gravia
893 2167 1012 2254 loricis3
1035 2183 1133 2250 neque
1206 2179 1207 2252 f

215 2281 326 2347 librare
347 2279 409 2366 pila
431 2279 515 2342 inter
535 2279 630 2348 undas
652 2299 813 2370 poterant.
837 2283 959 2350 Contra
973 2278 1135 2349 Cheruscis

213 2413 300 2462 sueta
321 2393 401 2484 apud
423 2393 548 2483 paludes
563 2397 695 2483 proelia,
719 2419 846 2488 procera
861 2397 1016 2478 membra,
1041 2397 1136 2462 hastae

213 2515 359 2603 ingentes
380 2509 419 2576 ad
434 2512 559 2584 vulnera
583 2507 739 2596 facienda,
764 2513 903 2603 quamvis
925 2490 1050 2602 procul:
1075 2534 1139 2600 nox

215 2629 340 2694 demum
354 2625 535 2694 inclinantes
556 2643 622 2694 tum
647 2637 740 2717 (178)
762 2631 901 2721 legiones
925 2629 1061 2698 adversa:
1077 2649 1139 2716 pu·
1208 2629 1209 2654 ¹

216 2766 288 2836 gnae
310 2745 448 2812 exemit.
486 2743 638 2812 Germani
669 2747 706 2812 ob
731 2769 875 2836 prospera
905 2740 1065 2825 indefessi,
1096 2765 1138 2808 ne

216 2875 283 2922 tum
304 2861 427 2947 quidem
449 2879 568 2954 sumpta
590 2862 713 2952 quiete,
736 2880 887 2953 quantum
907 2863 1054 2951 aquarum
1075 2859 1139 2926 cir-

216 2977 478 3064 cumsurgentibus
506 2980 585 3069 jugis
612 2977 739 3063 oritur,
771 2999 896 3047 vertere
928 2980 959 3044 in
983 2974 1138 3058 subjedla:

215 3111 376 3177 mersaque
400 3091 510 3173 humo,
533 3092 568 3160 ὃς
590 3094 725 3179 obruto,
749 3097 830 3185 quod
853 3094 993 3162 effectum
1015 3095 1140 3181 operis,

215 3206 388 3296 duplicatus
412 3208 629 3276 militi·labor.
659 3211 933 3303 Qadragesimum
963 3209 993 3277 id
1015 3209 1139 3298 stipen-

216 3321 299 3388 dium
314 3321 441 3392 Caecina
464 3328 611 3415 parendi,
635 3346 688 3393 aut
705 3328 901 3418 imperitandi
924 3325 1066 3394 habebat:
1089 3347 1140 3391 se-

215 3439 382 3510 cundarum
404 3443 672 3538 ambiguarumque
695 3467 798 3514 rerum
822 3445 937 3528 sciens,
968 3465 1065 3535 eoque
1089 3443 1138 3507 in-
