2474 3944
136 253 861 358 nuneuccuxxrxmncsirns.
920 311 996 382 25,-

71 459 123 506 nae
143 437 315 528 imponere:
337 433 391 502 sed
414 434 553 525 precibus
574 435 827 520 uerberibus,
857 431 988 502 Tiberio

70 553 316 636 Germanicum,
337 551 391 616 sibi
413 545 576 618 Tiberium
588 549 733 618 adscivit.
754 551 850 642 quue
872 547 987 645 Augu·

68 689 115 738 ste
136 669 359 760 exprobrabat,
385 667 581 756 reposcebat.

133 784 263 858 LVlll.
285 779 438 852 Profectio
458 781 540 850 ordio
560 783 711 852 comitatu
730 778 809 848 suits
841 803 917 850 unus
938 803 988 852 se·

67 918 185 982 nator,
211 901 373 968 conmisso
393 895 536 981 surdius,
564 899 716 981 Cocceius
746 897 850 968 Nersa
865 906 990 986 ’(ηῑ),

66 1018 118 1084 cui
139 1017 247 1110 legum
270 1014 409 1106 peritia;
436 1035 530 1104 eques
552 1013 735 1096 Romanus,
764 1029 879 1104 praeter
901 1013 990 1095 Seja-

66 1155 165 1215 num,
188 1155 228 1198 ex
248 1131 443 1213 inlustribus,
464 1129 595 1199 Curtius
603 1126 730 1198 Atticus
751 1134 868 1218 (139)=
891 1129 989 1196 ceteri
1080 1161 1082 1166 ·

64 1247 245 1318 liberalibus
264 1245 369 1313 studiis
390 1247 540 1336 praediti,
566 1243 667 1314 ferme
695 1244 829 1328 Greci,
856 1265 990 1336 quorum

67 1361 261 1430 sermonibus
282 1363 467 1430 levaretur.
495 1361 651 1430 Ferebant
681 1361 776 1451 periti
797 1357 989 1444 celestium,

67 1483 113 1546 iis
136 1477 271 1549 motibus
291 1481 426 1547 siderum
446 1482 611 1546 'excessisse
632 1482 731 1545 Roma
753 1475 929 1559 Tiberium,
950 1493 988 1544 rr

69 1592 191 1662 reditus
212 1593 258 1661 illl
279 1611 456 1683 meretur:
479 1594 561 1662 unde
583 1594 768 1662 eritiicausa
783 1593 889 1660 multis
903 1591 984 1674 fuit,

69 1730 239 1799 properum
267 1709 358 1776 finem
387 1709 460 1778 vitm
488 1709 750 1791 conjectantibus,
779 1709 988 1800 vulgantibus*

68 1844 149 1912 que:
171 1843 272 1911 neque
287 1824 368 1888 enirn
383 1839 447 1886 tem
463 1821 673 1888 incredibilem
687 1843 788 1888 casum
803 1830 898 1909 (140)
914 1845 988 1912 pro*

69 1937 233 2020 videbunt,
256 1954 292 2002 ut
315 1936 455 2004 undecim
477 1957 533 2026 per
555 1957 652 2001 annos
674 1937 769 2002 libens
784 1935 884 2023 patris
897 1955 987 2000 care-

70 2071 141 2126 ret.
157 2053 238 2121 Mox
259 2053 356 2141 patuit
372 2051 465 2118 breve
478 2047 644 2118 confinium
655 2047 775 2116 artis&
790 2045 858 2117 falsi
873 2055 990 2136 (141);

70 2191 209 2258 veraque
229 2189 319 2256 quem
341 2165 471 2234 obscuris
493 2183 692 2258 tegerenturs
715 2183 786 2236 rtem
807 2165 839 2230 in
865 2160 988 2233 Urbem

73 2307 140 2350 non
170 2303 405 2374 regressurum,
432 2281 511 2348 haud
538 2277 622 2348 forte
651 2280 782 2350 dilium:
812 2298 989 2370 cetetonem

72 2399 168 2466 nescii
189 2403 302 2489 egere,
321 2421 391 2464 cum
413 2399 700 2488 propinquorum,
724 2415 777 2466 aut
801 2397 923 2480 litore,
952 2395 988 2464 dc

73 2535 156 2602 saepe
184 2515 299 2582 moenla
329 2512 426 2584 Urbis
453 2514 616 2597 adsidens,
644 2531 816 2584 extremam
837 2513 989 2578 senellam

73 2628 294 2715 compleverit.

138 2737 230 2808 LlX.
255 2737 305 2807 Ac
327 2736 408 2808 sorte
430 2742 489 2808 illis
509 2745 615 2810 diebus
636 2745 771 2812 oblattnn
793 2737 912 2806 Caesarl
934 2759 988 2806 en-

75 2879 147 2947 ceps
160 2856 353 2946 periculum,
373 2855 457 2922 auxit
473 2881 549 2924 sana
562 2859 706 2924 rumoris:
730 2855 920 2946 prebuitque
932 2855 989 2947 ipsi

77 2971 256 3054 mutem,
277 2995 332 3040 eur
353 2971 496 3039 amicitiae
514 2973 755 3061 constantiaque
770 2969 872 3054 Seiani
892 2974 990 3065 magis

53 3075 202 3156 'fideretss
225 3088 439 3160 Vescebantnr
460 3090 492 3155 in
515 3089 605 3172 oilla,
639 3090 689 3156 cui
714 3089 890 3156 soeebulum
911 3099 998 3178 spr·.

77 3204 172 3272 lonc&
195 3212 312 3292 (142),
333 3225 418 3270 mare
440 3201 645 3276 Amuclansttn
665 3205 747 3272 inter
769 3203 991 3292 Fundanosquo

79 3334 218 3402 montes,
249 3322 355 3389 nativo
370 3320 404 3386 in
427 3343 540 3413 specu:
570 3327 634 3406 ejus
656 3345 715 3407 os,
744 3323 831 3410 lapsis
859 3335 990 3410 repente

80 3435 173 3532 soris,¹
189 3434 287 3506 obsit
295 3438 436 3530 quosdam
445 3439 613 3537 ministross
630 3439 699 3507 bine
711 3453 815 3505 metor
827 3436 859 3506 in
873 3455 990 3518 omnes,
