2474 3944
237 291 302 352 310
439 253 751 331 ANNALIUM
779 253 964 330 LIB.VI.
1067 267 1070 271 “

233 439 311 498 cen,
332 410 500 480 liberorum
522 427 647 474 suorum
669 407 886 490 veterrimum,
907 407 1079 498 imposuit,
1102 403 1153 475 asi.

232 533 296 600 dita
319 525 507 596 contumelia
536 521 572 590 dt
593 521 708 605 missis,
744 523 798 612 qui
823 545 953 612 gazam,
992 547 1014 592 a
1033 529 1154 594 Vonone

231 644 370 715 relidam
392 648 426 711 in
440 645 529 711 siria
549 639 731 726 Ciliciaque,
753 657 972 729 reposcerent,
994 640 1080 708 simoi
1098 663 1154 710 ve·

231 779 312 830 teres
334 763 502 828 Persarum
523 777 560 822 ac
581 753 779 852 hoedorum
800 761 969 826 terminos:
997 779 1082 844 seque
1102 763 1153 826 irr-

230 897 385 946 uasurum
410 891 547 963 possessa
568 879 676 954 Cyro,
705 869 749 946 dar
766 886 839 960 post
859 873 1058 957 Auxandro,
1094 895 1153 965 per

231 991 492 1081 vaniloquentiam
513 1010 548 1055 ac
570 987 665 1054 minas
687 987 833 1069 jaciebat.
855 989 914 1060 Sed
935 988 1055 1056 Parthis
1075 990 1153 1057 mit-

229 1107 320 1176 tendi
341 1123 475 1176 secretos
506 1105 630 1172 nuntios
651 1103 850 1171 validissimus
877 1105 977 1174 audior
996 1103 1054 1171 fuit
1075 1105 1153 1174 sin-

230 1245 339 1308 naces,
361 1221 474 1314 insigni
494 1217 629 1302 familia,
657 1241 694 1288 ac
714 1221 844 1310 perinde
864 1222 988 1312 opibus,
1016 1220 1051 1289 dt
1076 1243 1154 1311 pro«

229 1341 328 1408 ximus
348 1337 418 1404 huic
440 1333 564 1415 Abdus,
585 1336 740 1426 ademptae
762 1336 932 1406 virilitatis.
956 1337 1029 1405 Non
1041 1337 1154 1428 despe-

228 1451 309 1522 dium
330 1451 361 1516 id
383 1449 462 1540 apud
483 1448 641 1528 barbaros,
670 1449 815 1536 ultroque
835 1455 1012 1539 potentiam
1033 1453 1153 1521 habet.

230 1563 279 1648 Ii,
297 1563 422 1630 adscitis
442 1559 477 1630 dt
497 1561 562 1628 aliis
583 1561 781 1651 prirnoribus,
804 1564 875 1653 quia
890 1568 1047 1636 neminem
1069 1549 1154 1661 gen.

225 1681 267 1750 tis
281 1673 495 1748 Arsacidarum
519 1697 644 1744 summer
665 1678 711 1744 rei
730 1662 887 1769 imponere
908 1697 1073 1770 poterant,
1097 1685 1155 1750 in.

225 1793 361 1866 tersetiis
381 1794 421 1862 ab
441 1788 600 1861 Artabano
621 1793 794 1883 plerisque,
822 1809 877 1862 aut
899 1796 1035 1862 nondum
1057 1798 1151 1865 adul-

226 1913 287 1995 tis,
308 1907 484 1992 Phraaten,
514 1909 596 2002 regis
615 1907 756 1976 Phraatis
778 1909 890 1996 hlium,
912 1909 1014 1980 Roma
1036 1935 1149 2003 posce-

226 2029 317 2097 bant:
340 2029 476 2095 Nomine
496 2043 617 2092 tantum
639 2026 683 2104 dy
703 2023 824 2095 audiere
844 2043 942 2115 opus,
964 2045 1015 2110 ut,
1036 2045 1148 2116 sponte

223 2146 380 2222 cesaris,
397 2163 494 2228 genus
514 2145 646 2208 Arsacis
668 2145 770 2230 ripam
791 2145 874 2231 apud
883 2141 1055 2234 Euphratis
1075 2165 1146 2213 cer·

224 2273 364 2323 neretur.
479 2279 482 2284 ·

281 2366 427 2436 XXXII.
448 2367 599 2457 Cupitum
621 2368 653 2436 id
676 2343 826 2440 Tibe'rio:
849 2389 939 2440 ornat
958 2371 1142 2461 Phraaten,

222 2485 416 2578 accingitque
438 2499 602 2576 paternum
623 2483 662 2552 ad
683 2482 853 2577 fastigium:
882 2486 1036 2555 destinata
1059 2492 1141 2556 reti.

222 2622 324 2684 nens,
355 2599 488 2668 consiliis
509 2596 543 2666 dc
564 2615 631 2666 astu
660 2621 709 2668 res
730 2617 872 2669 externas
893 2602 1024 2686 moliri,
1054 2625 1138 2678 arma

220 2717 329 2807 procui
350 2715 478 2784 habere.
501 2714 646 2800 interea,
668 2717 800 2808 cognitis
813 2717 946 2802 insidiis,
961 2712 1137 2790 Artabanus

177 2893 184 2909 ,
219 2831 335 2898 tardari
356 2849 443 2900 metu
463 2837 550 2921 (70);
578 2831 670 2899 modo
691 2833 833 2924 cupidine
854 2833 993 2904 vindidiae
1014 2835 1137 2906 inarde-

218 2963 321 3014 scere.
345 2940 391 3012 Et
412 2948 543 3014 barbaris
563 2947 715 3016 continuio
722 2999 733 3033 ,
754 2949 885 3032 servilis:
916 2953 1021 3018 statim
1043 2975 1133 3020 erse.

216 3060 290 3150 qui,
323 3061 445 3152 regium
466 3063 610 3130 videtur.
655 3065 763 3136 Vniuit
796 3083 900 3134 tamen
929 3067 1064 3150 utilitas,
1095 3087 1132 3138 ut

216 3177 362 3258 Abdum,
384 3177 485 3266 specie
507 3179 652 3246 amicitiae
674 3197 817 3250 vocatum
838 3183 876 3250 ad
897 3183 1020 3273 epulas,
1041 3183 1130 3253 lento

213 3309 335 3356 veneno
355 3292 521 3386 inligaret:
544 3291 696 3363 Sinnacen
713 3286 952 3396 dissimulatione
973 3301 1126 3384 redonis,

212 3398 300 3466 simul
323 3426 382 3494 per
402 3407 546 3504 negotia,
566 3429 759 3524 moraretur:
801 3413 847 3484 Et
871 3411 1020 3489 Phraates
1047 3417 1124 3511 apud
