2446 3942
215 265 322 338 axxrv
517 231 843 334 PRAEFATI'or

206 397 308 510 mus,
343 416 434 506 quod
468 417 530 485 aevi
564 417 677 504 prioris
710 415 949 486 humanitatem
985 414 1140 534 nondum

210 539 419 632 dedocuere,
444 541 572 612 assidue
595 541 743 613 contuli.
769 543 822 612 Sic
846 543 956 630 enim,
981 565 1051 612 non
1074 538 1139 613 no·

210 689 281 742 stro
305 660 481 762 suffragio,
507 687 541 738 at
566 667 764 742 surculorum
788 667 1031 756 hominumque
1054 680 1138 740 con..
1219 755 1220 760 ἵ

209 821 306 868 sensu
331 795 547 885 approbatum
571 811 640 883 est,
666 795 828 866 Tacitum
851 817 921 864 non
937 794 1040 866 modo
1055 795 1135 864 fuis*

154 935 157 942 '
209 949 245 996 se
270 925 457 996 maximum
480 921 685 1008 antiquitatis
710 921 889 1008 pistorem,
915 944 989 1008 quae
1005 921 1135 1008 propria

208 1054 281 1134 ejus
303 1051 396 1137 laus,
421 1065 524 1136 atque
548 1048 700 1120 omnium
732 1043 935 1117 sermonibus
971 1052 1037 1130 lam
1061 1068 1134 1134 per.

207 1175 369 1266 vulgata,
400 1173 457 1242 sed
490 1177 526 1242 &
551 1173 781 1258 verissimum3
812 1173 903 1258 quod
936 1189 1006 1240 erat
1037 1175 1132 1242 evin-

206 1301 368 1368 cendum.
386 1299 537 1362 Domum
550 1313 630 1364 cum
647 1292 702 1360 vel
718 1295 838 1378 optimi
855 1297 1028 1379 scriptores
1043 1297 1132 1368 mul.

206 1439 242 1489 ta
265 1418 405 1505 sileant,
430 1439 505 1506 quae
529 1433 642 1492 tamen
667 1439 761 1486 nosse
785 1418 1005 1504 quorumdam
1030 1423 1133 1490 inter-

204 1561 276 1632 est,
308 1541 482 1611 Anecdota
505 1564 549 1610 ex
574 1543 669 1612 variis
700 1540 886 1610 auuoribus
917 1539 1060 1633 collegi,
1091 1562 1133 1612 ut

204 1669 324 1744 harum
348 1689 458 1742 rerum
482 1669 618 1738 curiosis
641 1666 874 1739 satisfacerem.

250 1794 356 1864 Coras
378 1795 465 1866 ultra
488 1796 635 1884 intendi,
665 1817 811 1884 cumque
835 1815 1042 1880 summopere
1067 1793 1130 1860 do.

138 1951 139 1955 ¹
203 1919 306 1992 lerem
323 1909 489 1990 ,Tacitum
512 1939 669 1995 truncum
693 1943 728 1990 ac
752 1920 909 1993 mutilum
940 1917 1129 1989 circumfen.

202 2047 252 2133 ri,
267 2043 315 2114 'ari
339 2045 574 2128 Supplementa
600 2042 727 2122 adverti
749 2047 919 2134 animum,
943 2067 1012 2142 non
1036 2043 1128 2132 quod
1170 2043 1173 2047 ’

201 2168 237 2237 T
238 2169 358 2236 acitum
384 2168 504 2248 aquari
528 2189 620 2252 posse
643 2169 866 2255 confiderem,
900 2172 957 2241 sed
991 2187 1031 2238 ut
1056 2169 1170 2256 plen

160 2262 164 2272 ¹
202 2291 277 2362 nior
301 2287 495 2377 faciliorque
521 2285 639 2360 flueret
664 2291 735 2370 elus
758 2295 920 2379 narratio,
952 2294 981 2360 si
1011 2293 1128 2375 depen-

201 2415 268 2484 dita
291 2437 336 2486 ex
360 2432 514 2484 veterum
537 2415 731 2506 scriptorum
762 2421 797 2495 δε
830 2432 1126 2490 monumentorum

200 2539 270 2612 fide
294 2539 543 2628 supplerentur,
568 2539 643 2608 stilo
667 2563 825 2628 moreque
840 2540 1049 2611 Corneliano
1064 2563 1124 2608 ex.

201 2685 324 2752 pressa.
349 2663 433 2736 Inde
457 2663 662 2754 adlaboravl,
693 2683 731 2735 ut
755 2671 862 2752 Seiani
887 2667 1002 2752 ruina,
1034 2683 1123 2736 cetea

110 2841 112 2846 -
200 2801 331 2878 taque,
347 2815 422 2879 quae
445 2793 480 2863 in
505 2793 624 2880 quin'to
649 2789 831 2864 Annalium
855 2776 945 2863 libro
962 2765 1123 2878 deerant,

199 2917 463 2993 restituerentur,
488 2918 679 3004 Dislunstos
703 2937 799 2989 antea
822 2918 921 3016 libros
936 2935 1069 2990 sextum
1084 2923 1121 2991 δε
1219 2949 1220 2990 t

131 3059 135 3072 ·
199 3040 414 3112 undecimum
454 3047 657 3126 coniunxere
680 3060 745 3114 'res
777 3044 852 3128 Caii
888 3043 1044 3130 Principis
1083 3047 1119 3120 &
1219 3015 1220 3050 ³

197 3146 333 3234 Claudii
357 3166 475 3253 initia,
500 3188 647 3255 quatuor
678 3169 767 3240 libris
800 3171 996 3261 composita.
1028 3167 1118 3236 Finis
1219 3257 1220 3282 ¹

197 3310 330 3378 quoque
354 3289 438 3360 libro
462 3295 690 3365 sextodecimo
721 3295 869 3381 additus,
901 3311 946 3365 ¹ut
970 3289 1116 3364 Neronis
1219 3357 1220 3364 ,

196 3433 344 3500 suprema
369 3419 587 3496 traderentur.
622 3421 662 3494 In
696 3419 748 3496 his
778 3421 914 3506 quidem
946 3419 1114 3493 subsistere
1219 3521 1220 3530 ἵ
