<?xml version="1.0" encoding="UTF-8"?>
<!DOCTYPE html PUBLIC "-//W3C//DTD XHTML 1.0 Transitional//EN"
    "http://www.w3.org/TR/xhtml1/DTD/xhtml1-transitional.dtd">
<html xmlns="http://www.w3.org/1999/xhtml" xml:lang="en" lang="en">
 <head>
  <title>
</title>
<meta http-equiv="Content-Type" content="text/html;charset=utf-8" />
  <meta name='ocr-system' content='tesseract 3.04.00' />
  <meta name='ocr-capabilities' content='ocr_page ocr_carea ocr_par ocr_line ocrx_word'/>
</head>
<body>
  <div class='ocr_page' id='page_1' title='image "./ccorneliitaciti00brotgoog_0384.png"; bbox 0 0 2538 3948; ppageno 0'>
   <div class='ocr_carea' id='block_1_1' title="bbox 322 275 1031 362">
    <p class='ocr_par' dir='ltr' id='par_1_1' title="bbox 322 275 1031 362">
     <span class='ocr_line' id='line_1_1' title="bbox 322 275 1031 362; baseline -0.006 -10"><span class='ocrx_word' id='word_1_1' title='bbox 322 275 627 354; x_wconf 82' lang='lat' dir='ltr'>ANNALIUM</span> <span class='ocrx_word' id='word_1_2' title='bbox 655 275 835 352; x_wconf 86' lang='lat' dir='ltr'><strong>NOTAE.</strong></span> <span class='ocrx_word' id='word_1_3' title='bbox 974 302 1031 362; x_wconf 82' lang='lat'>33¹</span> 
     </span>
    </p>
   </div>
   <div class='ocr_carea' id='block_1_2' title="bbox 88 411 1036 1064">
    <p class='ocr_par' dir='ltr' id='par_1_2' title="bbox 88 411 1036 564">
     <span class='ocr_line' id='line_1_2' title="bbox 88 411 1036 496; baseline -0.004 -20"><span class='ocrx_word' id='word_1_4' title='bbox 88 468 90 476; x_wconf 93' lang='lat'>.</span> <span class='ocrx_word' id='word_1_5' title='bbox 156 411 253 477; x_wconf 68' lang='lat' dir='ltr'>rimam</span> <span class='ocrx_word' id='word_1_6' title='bbox 272 413 433 476; x_wconf 74' lang='lat' dir='ltr'>adulationis</span> <span class='ocrx_word' id='word_1_7' title='bbox 455 413 608 472; x_wconf 76' lang='lat' dir='ltr'>Seleucenses</span> <span class='ocrx_word' id='word_1_8' title='bbox 629 411 751 474; x_wconf 57' lang='lat' dir='ltr'>indute</span> <span class='ocrx_word' id='word_1_9' title='bbox 780 421 815 472; x_wconf 81' lang='lat' dir='ltr'>Et</span> <span class='ocrx_word' id='word_1_10' title='bbox 841 431 885 482; x_wconf 76' lang='grc' dir='ltr'>ις,</span> <span class='ocrx_word' id='word_1_11' title='bbox 904 426 948 478; x_wconf 75' lang='grc'>69.</span> <span class='ocrx_word' id='word_1_12' title='bbox 971 417 1036 496; x_wconf 73' lang='lat' dir='ltr'>quia</span> 
     </span>
     <span class='ocr_line' id='line_1_3' title="bbox 157 487 706 564; baseline -0.005 -19"><span class='ocrx_word' id='word_1_13' title='bbox 157 493 275 564; x_wconf 76' lang='lat' dir='ltr'>specimen</span> <span class='ocrx_word' id='word_1_14' title='bbox 285 492 388 564; x_wconf 49' lang='lat' dir='ltr'>‚judicis</span> <span class='ocrx_word' id='word_1_15' title='bbox 405 487 509 544; x_wconf 80' lang='lat' dir='ltr'>induere</span> <span class='ocrx_word' id='word_1_16' title='bbox 524 505 576 544; x_wconf 82' lang='lat' dir='ltr'>non</span> <span class='ocrx_word' id='word_1_17' title='bbox 589 499 706 564; x_wconf 79' lang='lat' dir='ltr'>poterat.</span> 
     </span>
    </p>

    <p class='ocr_par' dir='ltr' id='par_1_3' title="bbox 116 556 1036 1064">
     <span class='ocr_line' id='line_1_4' title="bbox 116 556 1036 642; baseline 0.007 -30"><span class='ocrx_word' id='word_1_18' title='bbox 116 561 189 642; x_wconf 70' lang='grc' dir='ltr'>(η)</span> <span class='ocrx_word' id='word_1_19' title='bbox 208 559 342 625; x_wconf 72' lang='lat' dir='ltr'>Tiberium</span> <span class='ocrx_word' id='word_1_20' title='bbox 364 559 399 624; x_wconf 64' lang='grc' dir='ltr'>Θ</span> <span class='ocrx_word' id='word_1_21' title='bbox 422 561 534 618; x_wconf 77' lang='lat' dir='ltr'>Liviam</span> <span class='ocrx_word' id='word_1_22' title='bbox 556 556 653 620; x_wconf 63' lang='lat' dir='ltr'>lendes</span> <span class='ocrx_word' id='word_1_23' title='bbox 675 556 782 616; x_wconf 75' lang='lat' dir='ltr'>habuit.</span> <span class='ocrx_word' id='word_1_24' title='bbox 807 566 887 615; x_wconf 85' lang='lat' dir='ltr'>Hunc</span> <span class='ocrx_word' id='word_1_25' title='bbox 908 579 941 615; x_wconf 85' lang='lat' dir='ltr'>ex</span> <span class='ocrx_word' id='word_1_26' title='bbox 965 563 1036 618; x_wconf 89' lang='lat' dir='ltr'>besse</span> 
     </span>
     <span class='ocr_line' id='line_1_5' title="bbox 153 633 1035 696; baseline -0.003 -4"><span class='ocrx_word' id='word_1_27' title='bbox 153 651 200 692; x_wconf 79' lang='lat' dir='ltr'>seu</span> <span class='ocrx_word' id='word_1_28' title='bbox 216 635 315 692; x_wconf 87' lang='lat' dir='ltr'>duobus</span> <span class='ocrx_word' id='word_1_29' title='bbox 331 633 478 696; x_wconf 78' lang='lat' dir='ltr'>trientibus,</span> <span class='ocrx_word' id='word_1_30' title='bbox 496 634 564 686; x_wconf 78' lang='lat' dir='ltr'>illam</span> <span class='ocrx_word' id='word_1_31' title='bbox 582 651 615 688; x_wconf 81' lang='lat' dir='ltr'>ex</span> <span class='ocrx_word' id='word_1_32' title='bbox 638 635 714 688; x_wconf 84' lang='lat' dir='ltr'>altero</span> <span class='ocrx_word' id='word_1_33' title='bbox 737 634 842 688; x_wconf 76' lang='lat' dir='ltr'>triente:</span> <span class='ocrx_word' id='word_1_34' title='bbox 867 634 892 686; x_wconf 91' lang='lat' dir='ltr'>id</span> <span class='ocrx_word' id='word_1_35' title='bbox 915 635 1035 690; x_wconf 72' lang='lat' dir='ltr'><strong>discimus</strong></span> 
     </span>
     <span class='ocr_line' id='line_1_6' title="bbox 153 703 1035 780; baseline -0.005 -20"><span class='ocrx_word' id='word_1_36' title='bbox 153 721 188 760; x_wconf 83' lang='lat' dir='ltr'>ex</span> <span class='ocrx_word' id='word_1_37' title='bbox 205 709 339 764; x_wconf 85' lang='lat' dir='ltr'>suetonio.</span> <span class='ocrx_word' id='word_1_38' title='bbox 358 710 390 765; x_wconf 81' lang='lat' dir='ltr'>ln</span> <span class='ocrx_word' id='word_1_39' title='bbox 406 717 474 780; x_wconf 73' lang='lat' dir='ltr'>rpem</span> <span class='ocrx_word' id='word_1_40' title='bbox 490 703 641 768; x_wconf 82' lang='lat' dir='ltr'>secundam,</span> <span class='ocrx_word' id='word_1_41' title='bbox 660 708 708 760; x_wconf 89' lang='lat' dir='ltr'>i.e.</span> <span class='ocrx_word' id='word_1_42' title='bbox 721 705 846 762; x_wconf 86' lang='lat' dir='ltr'>secundos</span> <span class='ocrx_word' id='word_1_43' title='bbox 862 705 961 758; x_wconf 86' lang='lat' dir='ltr'>heredes</span> <span class='ocrx_word' id='word_1_44' title='bbox 977 710 1035 760; x_wconf 80' lang='lat' dir='ltr'>scri.</span> 
     </span>
     <span class='ocr_line' id='line_1_7' title="bbox 149 775 1036 852; baseline -0.003 -19"><span class='ocrx_word' id='word_1_45' title='bbox 149 793 234 846; x_wconf 79' lang='lat' dir='ltr'>pserat</span> <span class='ocrx_word' id='word_1_46' title='bbox 250 789 348 852; x_wconf 79' lang='lat' dir='ltr'>nepotes</span> <span class='ocrx_word' id='word_1_47' title='bbox 361 787 553 852; x_wconf 63' lang='lat' dir='ltr'>primumque</span> <span class='ocrx_word' id='word_1_48' title='bbox 569 785 683 834; x_wconf 81' lang='lat' dir='ltr'>Drusum</span> <span class='ocrx_word' id='word_1_49' title='bbox 707 795 799 845; x_wconf 82' lang='lat' dir='ltr'>nempe</span> <span class='ocrx_word' id='word_1_50' title='bbox 818 775 911 829; x_wconf 86' lang='lat' dir='ltr'>Tiberii</span> <span class='ocrx_word' id='word_1_51' title='bbox 934 777 1036 842; x_wconf 86' lang='lat' dir='ltr'>fillum,</span> 
     </span>
     <span class='ocr_line' id='line_1_8' title="bbox 150 849 1036 918; baseline -0.001 -14"><span class='ocrx_word' id='word_1_52' title='bbox 150 857 177 904; x_wconf 72' lang='grc' dir='ltr'>ἀ</span> <span class='ocrx_word' id='word_1_53' title='bbox 200 851 399 911; x_wconf 79' lang='lat' dir='ltr'>Germanicum,</span> <span class='ocrx_word' id='word_1_54' title='bbox 421 867 558 918; x_wconf 87' lang='lat' dir='ltr'>eorumque</span> <span class='ocrx_word' id='word_1_55' title='bbox 581 851 683 906; x_wconf 87' lang='lat' dir='ltr'>liberos.</span> <span class='ocrx_word' id='word_1_56' title='bbox 715 853 765 904; x_wconf 86' lang='lat' dir='ltr'>His</span> <span class='ocrx_word' id='word_1_57' title='bbox 787 849 946 902; x_wconf 75' lang='lat' dir='ltr'>substituerat</span> <span class='ocrx_word' id='word_1_58' title='bbox 969 850 1036 903; x_wconf 81' lang='lat' dir='ltr'>virm</span> 
     </span>
     <span class='ocr_line' id='line_1_9' title="bbox 151 921 1036 992; baseline 0.006 -21"><span class='ocrx_word' id='word_1_59' title='bbox 151 921 275 989; x_wconf 80' lang='lat' dir='ltr'>principes</span> <span class='ocrx_word' id='word_1_60' title='bbox 293 923 418 986; x_wconf 81' lang='lat' dir='ltr'>civitatis,</span> <span class='ocrx_word' id='word_1_61' title='bbox 443 923 534 992; x_wconf 87' lang='lat' dir='ltr'>utqui</span> <span class='ocrx_word' id='word_1_62' title='bbox 553 924 627 979; x_wconf 89' lang='lat' dir='ltr'>vellet</span> <span class='ocrx_word' id='word_1_63' title='bbox 651 936 706 990; x_wconf 80' lang='lat' dir='ltr'>poet</span> <span class='ocrx_word' id='word_1_64' title='bbox 730 935 835 979; x_wconf 80' lang='lat' dir='ltr'>mortem</span> <span class='ocrx_word' id='word_1_65' title='bbox 860 937 933 976; x_wconf 89' lang='lat' dir='ltr'>suam</span> <span class='ocrx_word' id='word_1_66' title='bbox 957 922 1036 979; x_wconf 84' lang='lat' dir='ltr'>videti</span> 
     </span>
     <span class='ocr_line' id='line_1_10' title="bbox 150 995 808 1064; baseline 0.003 -18"><span class='ocrx_word' id='word_1_67' title='bbox 150 1009 248 1046; x_wconf 83' lang='lat' dir='ltr'>amasse</span> <span class='ocrx_word' id='word_1_68' title='bbox 265 1009 410 1062; x_wconf 70' lang='lat' dir='ltr'>praestantes</span> <span class='ocrx_word' id='word_1_69' title='bbox 427 995 508 1058; x_wconf 88' lang='lat' dir='ltr'>viros,</span> <span class='ocrx_word' id='word_1_70' title='bbox 525 1013 589 1064; x_wconf 88' lang='lat' dir='ltr'>quos</span> <span class='ocrx_word' id='word_1_71' title='bbox 605 1008 692 1048; x_wconf 82' lang='lat' dir='ltr'>tamen</span> <span class='ocrx_word' id='word_1_72' title='bbox 709 995 808 1048; x_wconf 82' lang='lat' dir='ltr'>oderat.</span> 
     </span>
    </p>
   </div>
   <div class='ocr_carea' id='block_1_3' title="bbox 24 1061 1034 1142">
    <p class='ocr_par' dir='ltr' id='par_1_4' title="bbox 24 1061 1034 1142">
     <span class='ocr_line' id='line_1_11' title="bbox 24 1061 1034 1142; baseline -0.002 -22"><span class='ocrx_word' id='word_1_73' title='bbox 24 1117 25 1120; x_wconf 74' lang='grc'>,</span> <span class='ocrx_word' id='word_1_74' title='bbox 107 1061 182 1142; x_wconf 79' lang='lat'>(25)</span> <span class='ocrx_word' id='word_1_75' title='bbox 200 1069 267 1120; x_wconf 79' lang='lat' dir='ltr'>Neu</span> <span class='ocrx_word' id='word_1_76' title='bbox 283 1063 356 1121; x_wconf 77' lang='lat' dir='ltr'>ultra</span> <span class='ocrx_word' id='word_1_77' title='bbox 371 1063 474 1121; x_wconf 79' lang='lat' dir='ltr'>ciuilem</span> <span class='ocrx_word' id='word_1_78' title='bbox 489 1064 608 1124; x_wconf 74' lang='lat' dir='ltr'>undum.</span> <span class='ocrx_word' id='word_1_79' title='bbox 633 1066 704 1121; x_wconf 81' lang='lat' dir='ltr'>Nihil</span> <span class='ocrx_word' id='word_1_80' title='bbox 722 1082 808 1138; x_wconf 76' lang='lat' dir='ltr'>preter</span> <span class='ocrx_word' id='word_1_81' title='bbox 832 1080 980 1132; x_wconf 84' lang='lat' dir='ltr'>usurpatum</span> <span class='ocrx_word' id='word_1_82' title='bbox 998 1068 1034 1119; x_wconf 88' lang='lat' dir='ltr'>ci-</span> 
     </span>
    </p>
   </div>
   <div class='ocr_carea' id='block_1_4' title="bbox 108 1136 1090 3438">
    <p class='ocr_par' dir='ltr' id='par_1_5' title="bbox 150 1136 1036 1262">
     <span class='ocr_line' id='line_1_12' title="bbox 150 1136 1036 1262; baseline 0.003 -73"><span class='ocrx_word' id='word_1_83' title='bbox 150 1136 227 1262; x_wconf 54' lang='lat' dir='ltr'>gibus</span> <span class='ocrx_word' id='word_1_84' title='bbox 244 1155 339 1198; x_wconf 87' lang='lat' dir='ltr'>morem</span> <span class='ocrx_word' id='word_1_85' title='bbox 357 1137 384 1198; x_wconf 84' lang='lat' dir='ltr'>in</span> <span class='ocrx_word' id='word_1_86' title='bbox 401 1140 507 1215; x_wconf 77' lang='lat' dir='ltr'>legatis,</span> <span class='ocrx_word' id='word_1_87' title='bbox 530 1139 624 1214; x_wconf 84' lang='lat' dir='ltr'>quippe</span> <span class='ocrx_word' id='word_1_88' title='bbox 641 1157 698 1214; x_wconf 74' lang='lat' dir='ltr'>qua</span> <span class='ocrx_word' id='word_1_89' title='bbox 717 1140 815 1196; x_wconf 75' lang='lat' dir='ltr'>modica</span> <span class='ocrx_word' id='word_1_90' title='bbox 837 1152 920 1198; x_wconf 88' lang='lat' dir='ltr'>essent</span> <span class='ocrx_word' id='word_1_91' title='bbox 938 1147 962 1193; x_wconf 79' lang='lat' dir='ltr'>or</span> <span class='ocrx_word' id='word_1_92' title='bbox 980 1155 1036 1194; x_wconf 77' lang='lat' dir='ltr'>uto·</span> 
     </span>
    </p>

    <p class='ocr_par' dir='ltr' id='par_1_6' title="bbox 168 1223 236 1264">
     <span class='ocr_line' id='line_1_13' title="bbox 168 1223 236 1264; baseline 0.015 -3"><span class='ocrx_word' id='word_1_93' title='bbox 168 1223 236 1264; x_wconf 52' lang='grc' dir='ltr'>θαι.</span> 
     </span>
    </p>

    <p class='ocr_par' dir='ltr' id='par_1_7' title="bbox 113 1276 1055 2141">
     <span class='ocr_line' id='line_1_14' title="bbox 113 1276 1035 1360; baseline -0.008 -21"><span class='ocrx_word' id='word_1_94' title='bbox 113 1279 186 1360; x_wconf 74' lang='lat'>(26)</span> <span class='ocrx_word' id='word_1_95' title='bbox 206 1277 306 1356; x_wconf 75' lang='lat' dir='ltr'>Populo</span> <span class='ocrx_word' id='word_1_96' title='bbox 328 1276 362 1342; x_wconf 66' lang='lat' dir='ltr'><strong><em>U</em></strong></span> <span class='ocrx_word' id='word_1_97' title='bbox 376 1279 456 1357; x_wconf 80' lang='lat' dir='ltr'>plebi.</span> <span class='ocrx_word' id='word_1_98' title='bbox 481 1288 546 1337; x_wconf 79' lang='lat' dir='ltr'>Haec</span> <span class='ocrx_word' id='word_1_99' title='bbox 562 1301 596 1338; x_wconf 88' lang='lat' dir='ltr'>ex</span> <span class='ocrx_word' id='word_1_100' title='bbox 613 1284 733 1340; x_wconf 83' lang='lat' dir='ltr'>Suetonio</span> <span class='ocrx_word' id='word_1_101' title='bbox 749 1284 785 1338; x_wconf 90' lang='lat' dir='ltr'>sic</span> <span class='ocrx_word' id='word_1_102' title='bbox 802 1285 903 1352; x_wconf 72' lang='lat' dir='ltr'>accipe,</span> <span class='ocrx_word' id='word_1_103' title='bbox 922 1295 951 1336; x_wconf 93' lang='lat' dir='ltr'>ut</span> <span class='ocrx_word' id='word_1_104' title='bbox 968 1284 1035 1338; x_wconf 81' lang='lat' dir='ltr'>dica.</span> 
     </span>
     <span class='ocr_line' id='line_1_15' title="bbox 148 1352 1034 1440; baseline 0.007 -36"><span class='ocrx_word' id='word_1_105' title='bbox 148 1367 191 1412; x_wconf 83' lang='lat' dir='ltr'>rur</span> <span class='ocrx_word' id='word_1_106' title='bbox 207 1357 339 1423; x_wconf 80' lang='lat' dir='ltr'>Augustus</span> <span class='ocrx_word' id='word_1_107' title='bbox 355 1356 465 1424; x_wconf 75' lang='lat' dir='ltr'>legasse,</span> <span class='ocrx_word' id='word_1_108' title='bbox 486 1355 576 1430; x_wconf 80' lang='lat' dir='ltr'>populo</span> <span class='ocrx_word' id='word_1_109' title='bbox 593 1357 694 1426; x_wconf 88' lang='lat' dir='ltr'>quidem</span> <span class='ocrx_word' id='word_1_110' title='bbox 713 1352 920 1428; x_wconf 74' lang='lat' dir='ltr'><em>quadringenties</em></span> <span class='ocrx_word' id='word_1_111' title='bbox 939 1355 1034 1440; x_wconf 81' lang='lat' dir='ltr'><strong>(LLS.</strong></span> 
     </span>
     <span class='ocr_line' id='line_1_16' title="bbox 149 1423 1035 1498; baseline -0.005 -12"><span class='ocrx_word' id='word_1_112' title='bbox 149 1442 307 1486; x_wconf 80' lang='lat'>40000000.</span> <span class='ocrx_word' id='word_1_113' title='bbox 326 1427 590 1482; x_wconf 83' lang='lat' dir='ltr'>libellasTurononses</span> <span class='ocrx_word' id='word_1_114' title='bbox 611 1423 867 1498; x_wconf 83' lang='lat' dir='ltr'>5000000.)viritim</span> <span class='ocrx_word' id='word_1_115' title='bbox 885 1428 1035 1482; x_wconf 81' lang='lat' dir='ltr'>distribuen-</span> 
     </span>
     <span class='ocr_line' id='line_1_17' title="bbox 147 1493 1035 1574; baseline 0.002 -22"><span class='ocrx_word' id='word_1_116' title='bbox 147 1497 230 1552; x_wconf 71' lang='lat' dir='ltr'>tun:</span> <span class='ocrx_word' id='word_1_117' title='bbox 259 1493 308 1552; x_wconf 83' lang='lat' dir='ltr'>Iebi</span> <span class='ocrx_word' id='word_1_118' title='bbox 325 1517 399 1562; x_wconf 85' lang='lat' dir='ltr'>vero,</span> <span class='ocrx_word' id='word_1_119' title='bbox 416 1517 461 1557; x_wconf 90' lang='lat' dir='ltr'>seu</span> <span class='ocrx_word' id='word_1_120' title='bbox 478 1501 581 1570; x_wconf 82' lang='lat' dir='ltr'>triginta</span> <span class='ocrx_word' id='word_1_121' title='bbox 598 1501 712 1570; x_wconf 84' lang='lat' dir='ltr'>quinque</span> <span class='ocrx_word' id='word_1_122' title='bbox 728 1497 841 1555; x_wconf 86' lang='lat' dir='ltr'>tribubus</span> <span class='ocrx_word' id='word_1_123' title='bbox 858 1499 942 1556; x_wconf 76' lang='lat' dir='ltr'>tricies</span> <span class='ocrx_word' id='word_1_124' title='bbox 959 1500 1035 1574; x_wconf 73' lang='lat' dir='ltr'>quin·</span> 
     </span>
     <span class='ocr_line' id='line_1_18' title="bbox 147 1508 1035 1646; baseline 0.005 -24"><span class='ocrx_word' id='word_1_125' title='bbox 147 1568 219 1642; x_wconf 77' lang='lat' dir='ltr'>quies</span> <span class='ocrx_word' id='word_1_126' title='bbox 239 1508 260 1644; x_wconf 52' lang='lat' dir='ltr'>f</span> <span class='ocrx_word' id='word_1_127' title='bbox 259 1575 477 1639; x_wconf 79' lang='lat' dir='ltr'>LLS.3500000.</span> <span class='ocrx_word' id='word_1_128' title='bbox 491 1573 535 1626; x_wconf 91' lang='lat' dir='ltr'>lib.</span> <span class='ocrx_word' id='word_1_129' title='bbox 545 1577 607 1625; x_wconf 83' lang='lat' dir='ltr'>Tur.</span> <span class='ocrx_word' id='word_1_130' title='bbox 618 1570 758 1646; x_wconf 81' lang='lat'>4³750⁰·)</span> <span class='ocrx_word' id='word_1_131' title='bbox 777 1573 803 1626; x_wconf 89' lang='lat' dir='ltr'>in</span> <span class='ocrx_word' id='word_1_132' title='bbox 823 1574 905 1626; x_wconf 74' lang='lat' dir='ltr'>erario</span> <span class='ocrx_word' id='word_1_133' title='bbox 921 1573 953 1626; x_wconf 87' lang='lat' dir='ltr'>ad</span> <span class='ocrx_word' id='word_1_134' title='bbox 971 1589 1035 1626; x_wconf 86' lang='lat' dir='ltr'>usus</span> 
     </span>
     <span class='ocr_line' id='line_1_19' title="bbox 148 1640 1035 1728; baseline 0.009 -36"><span class='ocrx_word' id='word_1_135' title='bbox 148 1640 263 1709; x_wconf 86' lang='lat' dir='ltr'>publicos</span> <span class='ocrx_word' id='word_1_136' title='bbox 286 1645 476 1711; x_wconf 87' lang='lat' dir='ltr'>reponendum.</span> <span class='ocrx_word' id='word_1_137' title='bbox 507 1647 589 1700; x_wconf 74' lang='lat' dir='ltr'>pm.</span> <span class='ocrx_word' id='word_1_138' title='bbox 613 1640 743 1700; x_wconf 76' lang='lat' dir='ltr'><em>militibus</em></span> <span class='ocrx_word' id='word_1_139' title='bbox 772 1642 875 1728; x_wconf 70' lang='lat' dir='ltr'>singula</span> <span class='ocrx_word' id='word_1_140' title='bbox 897 1659 1035 1703; x_wconf 76' lang='lat' dir='ltr'>ntenmuen</span> 
     </span>
     <span class='ocr_line' id='line_1_20' title="bbox 148 1710 1034 1786; baseline 0.006 -20"><span class='ocrx_word' id='word_1_141' title='bbox 148 1710 255 1771; x_wconf 84' lang='lat' dir='ltr'>millia:</span> <span class='ocrx_word' id='word_1_142' title='bbox 273 1717 365 1782; x_wconf 87' lang='lat' dir='ltr'>cuique</span> <span class='ocrx_word' id='word_1_143' title='bbox 384 1719 458 1768; x_wconf 89' lang='lat' dir='ltr'>militi</span> <span class='ocrx_word' id='word_1_144' title='bbox 476 1717 591 1770; x_wconf 81' lang='lat' dir='ltr'>lib-Tur.</span> <span class='ocrx_word' id='word_1_145' title='bbox 609 1713 844 1786; x_wconf 79' lang='lat' dir='ltr'>125.Legionareir</span> <span class='ocrx_word' id='word_1_146' title='bbox 860 1727 911 1774; x_wconf 78' lang='lat' dir='ltr'>aur</span> <span class='ocrx_word' id='word_1_147' title='bbox 927 1713 1034 1772; x_wconf 77' lang='lat' dir='ltr'>cohorti·</span> 
     </span>
     <span class='ocr_line' id='line_1_21' title="bbox 147 1779 1035 1855; baseline 0.008 -20"><span class='ocrx_word' id='word_1_148' title='bbox 147 1779 194 1842; x_wconf 81' lang='lat' dir='ltr'>bus</span> <span class='ocrx_word' id='word_1_149' title='bbox 216 1784 316 1838; x_wconf 80' lang='lat' dir='ltr'>ciuium</span> <span class='ocrx_word' id='word_1_150' title='bbox 341 1786 418 1855; x_wconf 73' lang='lat' dir='ltr'>Rom.</span> <span class='ocrx_word' id='word_1_151' title='bbox 441 1787 480 1838; x_wconf 88' lang='lat' dir='ltr'>Sic</span> <span class='ocrx_word' id='word_1_152' title='bbox 503 1787 573 1838; x_wconf 91' lang='lat' dir='ltr'>enim</span> <span class='ocrx_word' id='word_1_153' title='bbox 596 1785 711 1838; x_wconf 77' lang='lat' dir='ltr'>distintle</span> <span class='ocrx_word' id='word_1_154' title='bbox 734 1786 824 1853; x_wconf 82' lang='lat' dir='ltr'>legitur</span> <span class='ocrx_word' id='word_1_155' title='bbox 853 1788 879 1838; x_wconf 90' lang='lat' dir='ltr'>in</span> <span class='ocrx_word' id='word_1_156' title='bbox 903 1787 1035 1853; x_wconf 84' lang='lat' dir='ltr'>Mediceo,</span> 
     </span>
     <span class='ocr_line' id='line_1_22' title="bbox 148 1853 1032 1928; baseline 0.005 -20"><span class='ocrx_word' id='word_1_157' title='bbox 148 1871 232 1924; x_wconf 83' lang='lat' dir='ltr'>quum</span> <span class='ocrx_word' id='word_1_158' title='bbox 250 1855 348 1924; x_wconf 80' lang='lat' dir='ltr'>vulgati</span> <span class='ocrx_word' id='word_1_159' title='bbox 366 1857 487 1914; x_wconf 80' lang='lat' dir='ltr'>mendose</span> <span class='ocrx_word' id='word_1_160' title='bbox 499 1855 609 1913; x_wconf 77' lang='lat' dir='ltr'>habeant</span> <span class='ocrx_word' id='word_1_161' title='bbox 620 1855 764 1928; x_wconf 65' lang='lat' dir='ltr'>legionariis</span> <span class='ocrx_word' id='word_1_162' title='bbox 774 1869 863 1914; x_wconf 76' lang='lat' dir='ltr'>autem</span> <span class='ocrx_word' id='word_1_163' title='bbox 874 1853 1032 1920; x_wconf 74' lang='lat' dir='ltr'>cohortibus,</span> 
     </span>
     <span class='ocr_line' id='line_1_23' title="bbox 148 1926 1034 1996; baseline -0.003 -12"><span class='ocrx_word' id='word_1_164' title='bbox 148 1928 168 1984; x_wconf 84' lang='lat' dir='ltr'>i.</span> <span class='ocrx_word' id='word_1_165' title='bbox 185 1945 210 1982; x_wconf 90' lang='lat' dir='ltr'>e.</span> <span class='ocrx_word' id='word_1_166' title='bbox 227 1927 312 1981; x_wconf 85' lang='lat' dir='ltr'>ceteris</span> <span class='ocrx_word' id='word_1_167' title='bbox 329 1928 467 1990; x_wconf 81' lang='lat' dir='ltr'>militibus,</span> <span class='ocrx_word' id='word_1_168' title='bbox 483 1927 537 1983; x_wconf 84' lang='lat' dir='ltr'>sive</span> <span class='ocrx_word' id='word_1_169' title='bbox 556 1928 602 1980; x_wconf 91' lang='lat' dir='ltr'>sub</span> <span class='ocrx_word' id='word_1_170' title='bbox 619 1928 696 1996; x_wconf 79' lang='lat' dir='ltr'>signis</span> <span class='ocrx_word' id='word_1_171' title='bbox 712 1926 843 1996; x_wconf 74' lang='lat' dir='ltr'>legionum</span> <span class='ocrx_word' id='word_1_172' title='bbox 861 1941 960 1989; x_wconf 87' lang='lat' dir='ltr'>essent,</span> <span class='ocrx_word' id='word_1_173' title='bbox 978 1929 1034 1984; x_wconf 86' lang='lat' dir='ltr'>sive</span> 
     </span>
     <span class='ocr_line' id='line_1_24' title="bbox 147 1999 1033 2066; baseline -0.001 -13"><span class='ocrx_word' id='word_1_174' title='bbox 147 1999 303 2054; x_wconf 61' lang='lat' dir='ltr'>exau-floran</span> <span class='ocrx_word' id='word_1_175' title='bbox 320 2001 453 2066; x_wconf 86' lang='lat' dir='ltr'>separatim</span> <span class='ocrx_word' id='word_1_176' title='bbox 471 2001 498 2056; x_wconf 89' lang='lat' dir='ltr'>in</span> <span class='ocrx_word' id='word_1_177' title='bbox 512 1999 654 2056; x_wconf 82' lang='lat' dir='ltr'>cohortibus</span> <span class='ocrx_word' id='word_1_178' title='bbox 668 1999 819 2060; x_wconf 83' lang='lat' dir='ltr'>militarent,</span> <span class='ocrx_word' id='word_1_179' title='bbox 838 2009 946 2051; x_wconf 78' lang='lat' dir='ltr'>trecenos</span> <span class='ocrx_word' id='word_1_180' title='bbox 957 2015 1033 2052; x_wconf 70' lang='lat' dir='ltr'>num-</span> 
     </span>
     <span class='ocr_line' id='line_1_25' title="bbox 147 2067 1055 2141; baseline 0.003 -13"><span class='ocrx_word' id='word_1_181' title='bbox 147 2089 220 2134; x_wconf 82' lang='lat' dir='ltr'>mor,</span> <span class='ocrx_word' id='word_1_182' title='bbox 237 2073 344 2141; x_wconf 80' lang='lat' dir='ltr'>singulis</span> <span class='ocrx_word' id='word_1_183' title='bbox 358 2072 472 2138; x_wconf 77' lang='lat' dir='ltr'>pecunie</span> <span class='ocrx_word' id='word_1_184' title='bbox 490 2085 580 2125; x_wconf 78' lang='lat' dir='ltr'>nostrae</span> <span class='ocrx_word' id='word_1_185' title='bbox 593 2067 643 2134; x_wconf 78' lang='lat'>&#39;37.</span> <span class='ocrx_word' id='word_1_186' title='bbox 661 2069 715 2126; x_wconf 82' lang='lat' dir='ltr'>libr·</span> <span class='ocrx_word' id='word_1_187' title='bbox 738 2087 779 2127; x_wconf 83' lang='lat'>10·</span> <span class='ocrx_word' id='word_1_188' title='bbox 798 2085 820 2130; x_wconf 76' lang='lat' dir='ltr'>t·</span> <span class='ocrx_word' id='word_1_189' title='bbox 839 2070 915 2128; x_wconf 73' lang='lat' dir='ltr'>Addit</span> <span class='ocrx_word' id='word_1_190' title='bbox 933 2069 1032 2131; x_wconf 77' lang='lat' dir='ltr'>civium</span> <span class='ocrx_word' id='word_1_191' title='bbox 1051 2125 1055 2134; x_wconf 86' lang='lat'><em>.</em></span> 
     </span>
    </p>

    <p class='ocr_par' dir='ltr' id='par_1_8' title="bbox 175 2144 862 2211">
     <span class='ocr_line' id='line_1_26' title="bbox 175 2144 862 2211; baseline 0.001 -13"><span class='ocrx_word' id='word_1_192' title='bbox 175 2161 226 2198; x_wconf 82' lang='lat' dir='ltr'>om.</span> <span class='ocrx_word' id='word_1_193' title='bbox 245 2157 282 2196; x_wconf 86' lang='lat' dir='ltr'>ut</span> <span class='ocrx_word' id='word_1_194' title='bbox 297 2144 455 2211; x_wconf 78' lang='lat' dir='ltr'>excipiantur</span> <span class='ocrx_word' id='word_1_195' title='bbox 471 2144 583 2198; x_wconf 87' lang='lat' dir='ltr'>cohortes</span> <span class='ocrx_word' id='word_1_196' title='bbox 602 2144 719 2199; x_wconf 81' lang='lat' dir='ltr'>sociales·</span> <span class='ocrx_word' id='word_1_197' title='bbox 859 2147 862 2152; x_wconf 77' lang='grc'>’</span> 
     </span>
    </p>

    <p class='ocr_par' dir='ltr' id='par_1_9' title="bbox 108 2211 1090 2432">
     <span class='ocr_line' id='line_1_27' title="bbox 108 2211 1031 2294; baseline 0.002 -30"><span class='ocrx_word' id='word_1_198' title='bbox 108 2214 162 2294; x_wconf 82' lang='lat'>(27</span> <span class='ocrx_word' id='word_1_199' title='bbox 199 2215 313 2290; x_wconf 63' lang='lat' dir='ltr'>Remini!</span> <span class='ocrx_word' id='word_1_200' title='bbox 330 2253 338 2268; x_wconf 85' lang='lat'><strong>·</strong></span> <span class='ocrx_word' id='word_1_201' title='bbox 358 2253 367 2269; x_wconf 87' lang='lat'><strong>.</strong></span> <span class='ocrx_word' id='word_1_202' title='bbox 386 2251 394 2269; x_wconf 85' lang='lat'><strong>.</strong></span> <span class='ocrx_word' id='word_1_203' title='bbox 411 2212 548 2289; x_wconf 77' lang='lat' dir='ltr'>adroganti</span> <span class='ocrx_word' id='word_1_204' title='bbox 564 2211 752 2274; x_wconf 73' lang='lat' dir='ltr'>moderatione.</span> <span class='ocrx_word' id='word_1_205' title='bbox 772 2215 883 2271; x_wconf 85' lang='lat' dir='ltr'>Remisit</span> <span class='ocrx_word' id='word_1_206' title='bbox 901 2215 927 2268; x_wconf 86' lang='lat' dir='ltr'>in</span> <span class='ocrx_word' id='word_1_207' title='bbox 944 2216 1031 2272; x_wconf 84' lang='lat' dir='ltr'>adver.</span> 
     </span>
     <span class='ocr_line' id='line_1_28' title="bbox 147 2288 1090 2357; baseline 0.002 -15"><span class='ocrx_word' id='word_1_208' title='bbox 147 2288 245 2356; x_wconf 81' lang='lat' dir='ltr'>sendo,</span> <span class='ocrx_word' id='word_1_209' title='bbox 262 2297 286 2342; x_wconf 79' lang='lat' dir='ltr'>oc</span> <span class='ocrx_word' id='word_1_210' title='bbox 305 2289 376 2342; x_wconf 90' lang='lat' dir='ltr'>cessit</span> <span class='ocrx_word' id='word_1_211' title='bbox 393 2288 544 2348; x_wconf 83' lang='lat' dir='ltr'>instantibus</span> <span class='ocrx_word' id='word_1_212' title='bbox 568 2288 694 2355; x_wconf 83' lang='lat' dir='ltr'>partibus,</span> <span class='ocrx_word' id='word_1_213' title='bbox 717 2290 799 2356; x_wconf 86' lang='lat' dir='ltr'>speeie</span> <span class='ocrx_word' id='word_1_214' title='bbox 816 2289 916 2357; x_wconf 90' lang='lat' dir='ltr'>pudoris</span> <span class='ocrx_word' id='word_1_215' title='bbox 934 2297 958 2342; x_wconf 73' lang='lat' dir='ltr'>tc</span> <span class='ocrx_word' id='word_1_216' title='bbox 976 2307 1031 2344; x_wconf 78' lang='lat' dir='ltr'>mo·</span> <span class='ocrx_word' id='word_1_217' title='bbox 1087 2321 1090 2328; x_wconf 47' lang='grc' dir='ltr'><strong><em>ι</em></strong></span> 
     </span>
     <span class='ocr_line' id='line_1_29' title="bbox 147 2359 993 2432; baseline 0.007 -22"><span class='ocrx_word' id='word_1_218' title='bbox 147 2359 250 2422; x_wconf 76' lang='lat' dir='ltr'>destiae,</span> <span class='ocrx_word' id='word_1_219' title='bbox 267 2359 334 2420; x_wconf 67' lang='lat' dir='ltr'>farlo</span> <span class='ocrx_word' id='word_1_220' title='bbox 349 2361 438 2414; x_wconf 88' lang='lat' dir='ltr'>eodem</span> <span class='ocrx_word' id='word_1_221' title='bbox 456 2361 612 2418; x_wconf 85' lang='lat' dir='ltr'>verecundus</span> <span class='ocrx_word' id='word_1_222' title='bbox 628 2361 705 2416; x_wconf 88' lang='lat' dir='ltr'>simul</span> <span class='ocrx_word' id='word_1_223' title='bbox 722 2369 746 2414; x_wconf 78' lang='lat' dir='ltr'>dt</span> <span class='ocrx_word' id='word_1_224' title='bbox 764 2378 894 2432; x_wconf 74' lang='lat' dir='ltr'>arrogans.</span> <span class='ocrx_word' id='word_1_225' title='bbox 913 2367 993 2416; x_wconf 87' lang='lat' dir='ltr'>Grou.</span> 
     </span>
    </p>

    <p class='ocr_par' dir='ltr' id='par_1_10' title="bbox 109 2428 1030 2575">
     <span class='ocr_line' id='line_1_30' title="bbox 109 2428 1030 2512; baseline 0.005 -31"><span class='ocrx_word' id='word_1_226' title='bbox 109 2428 179 2512; x_wconf 82' lang='lat'>(28)</span> <span class='ocrx_word' id='word_1_227' title='bbox 197 2429 330 2488; x_wconf 72' lang='lat' dir='ltr'>crudi...</span> <span class='ocrx_word' id='word_1_228' title='bbox 348 2432 467 2491; x_wconf 71' lang='lat' dir='ltr'>servitii.</span> <span class='ocrx_word' id='word_1_229' title='bbox 485 2435 561 2498; x_wconf 72' lang='lat' dir='ltr'>Quod</span> <span class='ocrx_word' id='word_1_230' title='bbox 578 2433 669 2486; x_wconf 85' lang='lat' dir='ltr'>scilicet</span> <span class='ocrx_word' id='word_1_231' title='bbox 686 2431 796 2501; x_wconf 77' lang='lat' dir='ltr'>populus</span> <span class='ocrx_word' id='word_1_232' title='bbox 813 2439 894 2491; x_wconf 81' lang='lat' dir='ltr'>Rom.</span> <span class='ocrx_word' id='word_1_233' title='bbox 913 2435 1030 2493; x_wconf 85' lang='lat' dir='ltr'>nondum</span> 
     </span>
     <span class='ocr_line' id='line_1_31' title="bbox 149 2505 867 2575; baseline 0.003 -20"><span class='ocrx_word' id='word_1_234' title='bbox 149 2505 224 2570; x_wconf 84' lang='lat' dir='ltr'>plane</span> <span class='ocrx_word' id='word_1_235' title='bbox 241 2507 412 2563; x_wconf 76' lang='lat' dir='ltr'>concurrisset,¹</span> <span class='ocrx_word' id='word_1_236' title='bbox 430 2506 462 2562; x_wconf 79' lang='lat' dir='ltr'>ad</span> <span class='ocrx_word' id='word_1_237' title='bbox 480 2507 547 2575; x_wconf 84' lang='lat' dir='ltr'>quod</span> <span class='ocrx_word' id='word_1_238' title='bbox 565 2507 680 2560; x_wconf 88' lang='lat' dir='ltr'>nondum</span> <span class='ocrx_word' id='word_1_239' title='bbox 697 2507 867 2560; x_wconf 85' lang='lat' dir='ltr'>occalluisset.</span> 
     </span>
    </p>

    <p class='ocr_par' dir='ltr' id='par_1_11' title="bbox 110 2573 1029 2652">
     <span class='ocr_line' id='line_1_32' title="bbox 110 2573 1029 2652; baseline 0.004 -24"><span class='ocrx_word' id='word_1_240' title='bbox 110 2573 179 2652; x_wconf 83' lang='lat'>(29)</span> <span class='ocrx_word' id='word_1_241' title='bbox 199 2576 319 2630; x_wconf 79' lang='lat' dir='ltr'>Provisis</span> <span class='ocrx_word' id='word_1_242' title='bbox 334 2576 464 2636; x_wconf 83' lang='lat' dir='ltr'>etiam...</span> <span class='ocrx_word' id='word_1_243' title='bbox 482 2575 582 2652; x_wconf 81' lang='lat' dir='ltr'>opibus.</span> <span class='ocrx_word' id='word_1_244' title='bbox 607 2580 695 2648; x_wconf 74' lang='lat' dir='ltr'>Qum</span> <span class='ocrx_word' id='word_1_245' title='bbox 713 2578 789 2629; x_wconf 85' lang='lat' dir='ltr'>etiam</span> <span class='ocrx_word' id='word_1_246' title='bbox 808 2576 971 2644; x_wconf 78' lang='lat' dir='ltr'>providisset,</span> <span class='ocrx_word' id='word_1_247' title='bbox 995 2593 1029 2632; x_wconf 88' lang='lat' dir='ltr'>ne</span> 
     </span>
    </p>

    <p class='ocr_par' dir='ltr' id='par_1_12' title="bbox 111 2645 1028 2716">
     <span class='ocr_line' id='line_1_33' title="bbox 111 2645 1028 2716; baseline 0.003 -17"><span class='ocrx_word' id='word_1_248' title='bbox 111 2663 114 2670; x_wconf 76' lang='grc'>’</span> <span class='ocrx_word' id='word_1_249' title='bbox 148 2646 201 2700; x_wconf 89' lang='lat' dir='ltr'>suis</span> <span class='ocrx_word' id='word_1_250' title='bbox 217 2645 348 2699; x_wconf 84' lang='lat' dir='ltr'>heredibus</span> <span class='ocrx_word' id='word_1_251' title='bbox 365 2664 425 2713; x_wconf 89' lang='lat' dir='ltr'>opes</span> <span class='ocrx_word' id='word_1_252' title='bbox 441 2649 554 2706; x_wconf 82' lang='lat' dir='ltr'>deessent</span> <span class='ocrx_word' id='word_1_253' title='bbox 570 2651 602 2703; x_wconf 89' lang='lat' dir='ltr'>ad</span> <span class='ocrx_word' id='word_1_254' title='bbox 618 2649 806 2716; x_wconf 82' lang='lat' dir='ltr'>opprimendam</span> <span class='ocrx_word' id='word_1_255' title='bbox 831 2647 1028 2714; x_wconf 86' lang='lat' dir='ltr'>rempublicam.</span> 
     </span>
    </p>

    <p class='ocr_par' dir='ltr' id='par_1_13' title="bbox 110 2714 1030 3208">
     <span class='ocr_line' id='line_1_34' title="bbox 110 2714 1030 2844; baseline 0 -76"><span class='ocrx_word' id='word_1_256' title='bbox 110 2715 180 2799; x_wconf 79' lang='lat'>(30)</span> <span class='ocrx_word' id='word_1_257' title='bbox 197 2715 268 2778; x_wconf 78' lang='lat' dir='ltr'>Idem</span> <span class='ocrx_word' id='word_1_258' title='bbox 282 2714 337 2779; x_wconf 78' lang='lat' dir='ltr'>dies</span> <span class='ocrx_word' id='word_1_259' title='bbox 352 2719 445 2792; x_wconf 76' lang='lat' dir='ltr'>accepti</span> <span class='ocrx_word' id='word_1_260' title='bbox 461 2719 589 2844; x_wconf 59' lang='lat' dir='ltr'>Znondanp</span> <span class='ocrx_word' id='word_1_261' title='bbox 611 2718 725 2793; x_wconf 80' lang='lat' dir='ltr'>imperii.</span> <span class='ocrx_word' id='word_1_262' title='bbox 750 2721 787 2772; x_wconf 84' lang='lat' dir='ltr'>Hi</span> <span class='ocrx_word' id='word_1_263' title='bbox 811 2720 927 2777; x_wconf 80' lang='lat' dir='ltr'>videlicet</span> <span class='ocrx_word' id='word_1_264' title='bbox 950 2721 1030 2787; x_wconf 75' lang='lat' dir='ltr'>impe.</span> 
     </span>
     <span class='ocr_line' id='line_1_35' title="bbox 145 2791 1029 2860; baseline -0.007 -14"><span class='ocrx_word' id='word_1_265' title='bbox 145 2791 213 2846; x_wconf 90' lang='lat' dir='ltr'>rium</span> <span class='ocrx_word' id='word_1_266' title='bbox 231 2791 340 2860; x_wconf 85' lang='lat' dir='ltr'>Augusti</span> <span class='ocrx_word' id='word_1_267' title='bbox 358 2807 462 2848; x_wconf 83' lang='lat' dir='ltr'>numera</span> <span class='ocrx_word' id='word_1_268' title='bbox 478 2806 556 2846; x_wconf 86' lang='lat' dir='ltr'>anta</span> <span class='ocrx_word' id='word_1_269' title='bbox 580 2793 660 2858; x_wconf 88' lang='lat' dir='ltr'>primo</span> <span class='ocrx_word' id='word_1_270' title='bbox 682 2794 739 2854; x_wconf 87' lang='lat' dir='ltr'>ejus</span> <span class='ocrx_word' id='word_1_271' title='bbox 755 2792 907 2854; x_wconf 87' lang='lat' dir='ltr'>consulatu,</span> <span class='ocrx_word' id='word_1_272' title='bbox 925 2792 970 2860; x_wconf 92' lang='lat' dir='ltr'>qui</span> <span class='ocrx_word' id='word_1_273' title='bbox 990 2792 1029 2846; x_wconf 89' lang='lat' dir='ltr'>in.</span> 
     </span>
     <span class='ocr_line' id='line_1_36' title="bbox 146 2862 1029 2931; baseline 0 -13"><span class='ocrx_word' id='word_1_274' title='bbox 146 2863 206 2918; x_wconf 87' lang='lat' dir='ltr'>cidit</span> <span class='ocrx_word' id='word_1_275' title='bbox 224 2863 250 2915; x_wconf 89' lang='lat' dir='ltr'>in</span> <span class='ocrx_word' id='word_1_276' title='bbox 269 2863 335 2914; x_wconf 91' lang='lat' dir='ltr'>diem</span> <span class='ocrx_word' id='word_1_277' title='bbox 358 2862 485 2914; x_wconf 91' lang='lat' dir='ltr'>decimum</span> <span class='ocrx_word' id='word_1_278' title='bbox 509 2879 609 2920; x_wconf 85' lang='lat' dir='ltr'>nonum</span> <span class='ocrx_word' id='word_1_279' title='bbox 634 2864 731 2915; x_wconf 86' lang='lat' dir='ltr'>mensis</span> <span class='ocrx_word' id='word_1_280' title='bbox 745 2863 871 2931; x_wconf 81' lang='lat' dir='ltr'>Augusti,</span> <span class='ocrx_word' id='word_1_281' title='bbox 896 2864 979 2918; x_wconf 84' lang='lat' dir='ltr'>Hirtio</span> <span class='ocrx_word' id='word_1_282' title='bbox 1002 2873 1029 2918; x_wconf 79' lang='lat' dir='ltr'>dr</span> 
     </span>
     <span class='ocr_line' id='line_1_37' title="bbox 147 2935 1029 3006; baseline 0 -16"><span class='ocrx_word' id='word_1_283' title='bbox 147 2941 228 2995; x_wconf 74' lang='lat' dir='ltr'>Pansa</span> <span class='ocrx_word' id='word_1_284' title='bbox 246 2939 319 2989; x_wconf 84' lang='lat' dir='ltr'>Coss.</span> <span class='ocrx_word' id='word_1_285' title='bbox 339 2935 459 2998; x_wconf 85' lang='lat' dir='ltr'>mortuis,</span> <span class='ocrx_word' id='word_1_286' title='bbox 477 2948 531 3002; x_wconf 86' lang='lat' dir='ltr'>post</span> <span class='ocrx_word' id='word_1_287' title='bbox 550 2951 662 3002; x_wconf 85' lang='lat' dir='ltr'>pugnam</span> <span class='ocrx_word' id='word_1_288' title='bbox 680 2935 872 2990; x_wconf 86' lang='lat' dir='ltr'>Mutinensem.</span> <span class='ocrx_word' id='word_1_289' title='bbox 897 2937 978 3006; x_wconf 79' lang='lat' dir='ltr'>igitur</span> <span class='ocrx_word' id='word_1_290' title='bbox 994 2936 1029 2990; x_wconf 88' lang='lat' dir='ltr'>ad</span> 
     </span>
     <span class='ocr_line' id='line_1_38' title="bbox 146 3007 1027 3076; baseline 0.002 -16"><span class='ocrx_word' id='word_1_291' title='bbox 146 3025 208 3064; x_wconf 87' lang='lat' dir='ltr'>eum</span> <span class='ocrx_word' id='word_1_292' title='bbox 232 3008 380 3065; x_wconf 84' lang='lat' dir='ltr'>numerandi</span> <span class='ocrx_word' id='word_1_293' title='bbox 404 3007 508 3061; x_wconf 88' lang='lat' dir='ltr'>modum</span> <span class='ocrx_word' id='word_1_294' title='bbox 533 3007 664 3074; x_wconf 85' lang='lat' dir='ltr'>imperavit</span> <span class='ocrx_word' id='word_1_295' title='bbox 681 3010 812 3076; x_wconf 78' lang='lat' dir='ltr'>Augustus</span> <span class='ocrx_word' id='word_1_296' title='bbox 833 3025 915 3063; x_wconf 85' lang='lat' dir='ltr'>annos</span> <span class='ocrx_word' id='word_1_297' title='bbox 938 3025 984 3062; x_wconf 81' lang='lat' dir='ltr'>sex</span> <span class='ocrx_word' id='word_1_298' title='bbox 1002 3018 1027 3062; x_wconf 79' lang='lat' dir='ltr'>oe</span> 
     </span>
     <span class='ocr_line' id='line_1_39' title="bbox 146 3080 1026 3156; baseline -0.001 -24"><span class='ocrx_word' id='word_1_299' title='bbox 146 3081 352 3154; x_wconf 72' lang='lat' dir='ltr'>quinquaginta,</span> <span class='ocrx_word' id='word_1_300' title='bbox 376 3095 458 3150; x_wconf 83' lang='lat' dir='ltr'>quum</span> <span class='ocrx_word' id='word_1_301' title='bbox 482 3095 581 3142; x_wconf 74' lang='lat' dir='ltr'>annum</span> <span class='ocrx_word' id='word_1_302' title='bbox 605 3080 663 3140; x_wconf 67' lang='lat' dir='ltr'>vua</span> <span class='ocrx_word' id='word_1_303' title='bbox 686 3081 899 3156; x_wconf 79' lang='lat' dir='ltr'>septuagesimum</span> <span class='ocrx_word' id='word_1_304' title='bbox 923 3093 1026 3138; x_wconf 85' lang='lat' dir='ltr'>sextum</span> 
     </span>
     <span class='ocr_line' id='line_1_40' title="bbox 146 3155 311 3208; baseline 0.018 -4"><span class='ocrx_word' id='word_1_305' title='bbox 146 3171 179 3206; x_wconf 84' lang='lat' dir='ltr'>ex</span> <span class='ocrx_word' id='word_1_306' title='bbox 196 3155 311 3208; x_wconf 86' lang='lat' dir='ltr'>levisset.</span> 
     </span>
    </p>

    <p class='ocr_par' dir='ltr' id='par_1_14' title="bbox 113 3170 1026 3438">
     <span class='ocr_line' id='line_1_41' title="bbox 113 3170 1025 3303; baseline 0.004 -27"><span class='ocrx_word' id='word_1_307' title='bbox 113 3170 845 3303; x_wconf 61' lang='lat' dir='ltr'>(31)Praleriumcorvinnm.nedicuscormdsc.</span> <span class='ocrx_word' id='word_1_308' title='bbox 852 3223 1025 3284; x_wconf 78' lang='lat' dir='ltr'>Marium...</span> 
     </span>
     <span class='ocr_line' id='line_1_42' title="bbox 147 3297 1026 3368; baseline 0 -21"><span class='ocrx_word' id='word_1_309' title='bbox 147 3309 308 3368; x_wconf 69' lang='lat' dir='ltr'>aequaverat.</span> <span class='ocrx_word' id='word_1_310' title='bbox 326 3299 387 3352; x_wconf 84' lang='lat' dir='ltr'>Fuit</span> <span class='ocrx_word' id='word_1_311' title='bbox 403 3299 472 3350; x_wconf 89' lang='lat' dir='ltr'>enim</span> <span class='ocrx_word' id='word_1_312' title='bbox 490 3297 604 3356; x_wconf 78' lang='lat' dir='ltr'>Valerius</span> <span class='ocrx_word' id='word_1_313' title='bbox 619 3303 719 3358; x_wconf 59' lang='lat' dir='ltr'>,Cornu</span> <span class='ocrx_word' id='word_1_314' title='bbox 735 3300 816 3358; x_wconf 81' lang='lat' dir='ltr'>sexies</span> <span class='ocrx_word' id='word_1_315' title='bbox 839 3297 946 3362; x_wconf 87' lang='lat' dir='ltr'>consul,</span> <span class='ocrx_word' id='word_1_316' title='bbox 969 3301 1026 3356; x_wconf 77' lang='lat' dir='ltr'>Ma.</span> 
     </span>
     <span class='ocr_line' id='line_1_43' title="bbox 146 3369 420 3438; baseline 0.004 -16"><span class='ocrx_word' id='word_1_317' title='bbox 146 3369 197 3422; x_wconf 85' lang='lat' dir='ltr'>rius</span> <span class='ocrx_word' id='word_1_318' title='bbox 213 3381 299 3422; x_wconf 90' lang='lat' dir='ltr'>autem</span> <span class='ocrx_word' id='word_1_319' title='bbox 315 3371 420 3438; x_wconf 85' lang='lat' dir='ltr'>septies.</span> 
     </span>
    </p>
   </div>
   <div class='ocr_carea' id='block_1_5' title="bbox 113 3437 1024 3524">
    <p class='ocr_par' dir='ltr' id='par_1_15' title="bbox 113 3437 1024 3524">
     <span class='ocr_line' id='line_1_44' title="bbox 113 3437 1024 3524; baseline 0.007 -27"><span class='ocrx_word' id='word_1_320' title='bbox 113 3438 179 3522; x_wconf 79' lang='lat'>(32)</span> <span class='ocrx_word' id='word_1_321' title='bbox 197 3443 302 3500; x_wconf 79' lang='lat' dir='ltr'>Nomen</span> <span class='ocrx_word' id='word_1_322' title='bbox 317 3442 526 3522; x_wconf 69' lang='lat' dir='ltr'>inperatoris...</span> <span class='ocrx_word' id='word_1_323' title='bbox 538 3451 663 3524; x_wconf 68' lang='lat' dir='ltr'>potum.</span> <span class='ocrx_word' id='word_1_324' title='bbox 683 3443 747 3504; x_wconf 80' lang='lat' dir='ltr'>vite</span> <span class='ocrx_word' id='word_1_325' title='bbox 762 3459 836 3516; x_wconf 79' lang='lat' dir='ltr'>supra</span> <span class='ocrx_word' id='word_1_326' title='bbox 849 3457 906 3516; x_wconf 83' lang='lat' dir='ltr'>cap.</span> <span class='ocrx_word' id='word_1_327' title='bbox 916 3437 1024 3512; x_wconf 58' lang='lat' dir='ltr'>,mla</span> 
     </span>
    </p>
   </div>
   <div class='ocr_carea' id='block_1_6' title="bbox 0 0 1274 3948">
    <p class='ocr_par' dir='ltr' id='par_1_16' title="bbox 0 0 1274 3948">
     <span class='ocr_line' id='line_1_45' title="bbox 0 0 1274 3948; baseline 0 2"><span class='ocrx_word' id='word_1_328' title='bbox 0 0 1274 3948; x_wconf 95' lang='lat' dir='ltr'> </span> 
     </span>
    </p>
   </div>
  </div>
 </body>
</html>
