2474 3944
923 19 932 86 l

158 293 843 398 nu‚u.c.uccuxxv1u.AEn.cr1n.2
850 324 879 380 ς.
940 325 1002 382 η,

97 446 134 516 dt
155 446 340 538 triumphalia
361 447 400 513 de
421 441 579 528 Gaetulis,
602 445 711 536 glorie
731 413 833 518 lberat
854 449 932 518 berae
953 467 1003 516 to·

98 565 192 630 lerata
213 579 395 663 paupertas,
416 559 489 628 dein
510 581 630 654 magnae
652 583 727 651 opes
748 565 927 634 innocenter
949 589 1003 667 pa·

95 695 168 746 ratae
192 675 227 746 dt
248 679 386 746 modeste
408 677 544 744 habitae.
573 676 749 746 Domitium
769 681 925 748 decoravit
948 707 1003 772 pa·

93 811 142 860 ter
149 844 161 876 ,
181 795 264 861 civili
286 795 367 860 bello
389 793 477 860 maris
498 811 628 882 potens,
657 791 755 860 donec
777 789 912 862 Antonii
934 819 1002 884 par.

92 909 191 993 cibus,
218 933 289 977 mox
310 909 441 978 Caesaris
463 908 658 1002 misceretur.
696 907 803 993 Avus,
831 907 1004 980 Pharsalica

14 1075 15 1084 ,
92 1025 177 1112 acie,
208 1049 270 1116 pro
290 1025 486 1115 optimatibus
506 1025 684 1092 ceciderat:
712 1027 777 1118 ipse
798 1025 930 1109 eledlus,
954 1027 1004 1118 cui

14 1189 17 1199 .
91 1139 194 1206 minor
216 1136 357 1206 Antonia
375 1148 492 1228 (119),
528 1139 657 1208 octavia
678 1145 811 1234 genita,
840 1142 873 1206 in
897 1142 1005 1210 matri-

89 1257 234 1322 monium
255 1255 398 1322 daretur.
422 1253 497 1322 Post
511 1258 649 1324 exercitu
669 1257 898 1325 flumenAlbirn
919 1275 1005 1326 tran·

86 1370 233 1453 scendit‚·
266 1372 387 1462 longius
407 1363 568 1462 penetrata
590 1371 776 1456 Germania,
806 1395 898 1464 quam
920 1372 1003 1464 quis«

14 1549 16 1561 ,
86 1477 181 1575 quam
203 1486 354 1576 priorum:
375 1508 485 1578 easque
507 1487 546 1553 ob
560 1509 608 1554 res
622 1488 751 1582 insignia
768 1489 914 1581 triumphi
929 1489 1003 1557 ade·

18 1657 19 1660 ,
88 1618 162 1692 ptus
183 1617 253 1668 est.
277 1601 365 1668 Obiit
386 1601 422 1672 dt
443 1601 482 1669 L.
498 1598 671 1688 Antonius,
692 1607 790 1672 multa
811 1607 1001 1674 claritudine
1022 1600 1026 1608 ’

21 1779 22 1785 ,
87 1717 230 1809 generis,
252 1718 304 1784 sed
326 1718 530 1806 improspera.
552 1717 634 1786 Nam
648 1739 736 1808 patre
750 1725 833 1801 ejus,
856 1717 1004 1806 JuloAn·

14 1851 18 1924 j
89 1832 199 1910 tonio,
221 1831 260 1894 ob
282 1829 465 1896 adulterium
479 1829 568 1916 Iulias
588 1849 690 1900 morte
704 1835 831 1926 punito,
854 1835 933 1900 hunc
949 1835 1004 1899 ad·

14 2002 17 2012 .
89 1946 216 2013 modum
238 1943 517 2027 adolescentulum,
539 1947 650 2010 sororis
672 1961 843 2035 nepotem,
872 1946 1004 2036 seposuit

14 2101 16 2138 ;
89 2061 252 2152 Augustus
276 2061 311 2126 in
328 2059 502 2126 civitatem
531 2057 786 2142 Massiliensem,
822 2060 872 2130 ubi
902 2061 1004 2152 specie

85 2172 263 2243 studiorum
285 2197 397 2242 nomen
419 2174 516 2241 exsilii
539 2191 719 2268 regeretur.
742 2176 877 2243 Habitus
899 2194 1003 2244 tamen

88 2289 241 2381 supremis
262 2289 360 2358 honor
373 2317 382 2358 ε
394 2353 397 2358 ,
411 2309 536 2381 ossaque
558 2291 677 2360 tumulo
698 2292 897 2362 Odlauiorum
921 2293 1003 2362 iula-

55 2449 64 2462 -
88 2423 142 2491 ta,
167 2427 224 2496 per
245 2406 404 2487 decretum
426 2424 564 2476 senatus.

257 2643 297 2702 L.
318 2639 391 2702 Piso
420 2641 450 2704 in
470 2641 620 2728 Hispania
642 2636 846 2721 interficitur.

151 2861 263 2935 XLV.
284 2862 396 2930 lisdem
417 2865 609 2948 consulibus,
630 2863 747 2932 facinus
769 2884 877 2949 atrox,
906 2865 938 2934 in
960 2867 1005 2934 ci·
1028 2951 1030 2955 v

91 2984 210 3064 seriore
232 2979 403 3070 Hispania,
425 2979 585 3048 admissum
606 2981 768 3081 aquodam
788 2969 930 3074 agreste,
951 3007 1005 3052 na-

91 3099 186 3166 tionis
208 3092 434 3164 Termestinae.
457 3096 486 3164 Is
508 3119 675 3187 praetorem
689 3099 873 3190 provincie,
895 3100 935 3168 L.
950 3098 1005 3165 Pi-

92 3235 219 3295 sonem,
256 3233 332 3304 pace
353 3211 556 3296 incuriosum,
593 3215 815 3307 exinproviso
836 3217 869 3284 in
892 3216 1006 3282 itinere
1081 3248 1084 3252 ·

93 3329 240 3410 adorem,
260 3353 322 3398 uno
344 3331 472 3398 vulnere
493 3330 525 3398 io
539 3349 671 3401 mortem
692 3331 822 3400 adfecit:
845 3355 880 3398 ac
902 3331 1006 3421 perni-

94 3446 193 3513 citate
215 3445 289 3535 equi
306 3443 472 3541 profugus,
500 3465 663 3542 postquam
685 3447 831 3517 saltuosos
851 3448 935 3517 locos
957 3465 1006 3516 at·

637 3565 717 3661 ,Q2
