2432 3940
237 305 937 384 nrtucuccxxrxmxmraxss.
1011 329 1049 398 ι,

131 463 306 545 incursant,
327 462 471 534 turbant:
493 473 652 548 postremo
674 459 816 553 deligunt
841 466 966 547 locum,
990 466 1048 534 flu.

126 581 215 652 ,mine
236 577 272 646 ὅ(
294 579 377 646 silvis
395 577 550 656 clausum,
571 574 653 644 arcta
673 575 758 646 intus
772 582 919 670 planitie,
945 581 1046 650 &bu-

128 695 232 763 mida:
262 697 352 763 silvas
376 711 499 783 quoque
523 687 676 781 profunda
699 693 786 784 palus
808 697 955 780 ambibat,
988 699 1043 766 nisi

127 805 210 901 quod
234 813 313 878 latus
336 831 430 879 unum
439 803 622 906 Angrivarii
644 809 839 901 latoaggere
853 815 1043 896 extulerant,

127 949 191 1018 quo
213 951 232 995 a
253 925 420 998 Cheruscis
440 924 684 1000 dirimerentur:
715 923 766 990 hic
788 927 882 1014 pedes
901 927 1042 1016 adstitit3

124 1043 267 1134 equitem
289 1039 469 1136 propinquis
483 1040 560 1114 lucis
574 1045 701 1122 texere,
725 1059 760 1107 ut
775 1043 913 1134 ingressis
931 1044 1040 1142 silvam

119 1159 295 1251 legionibus
317 1181 335 1223 a
357 1171 449 1248 tergo
468 1157 566 1226 foret.

184 1271 262 1338 XX.
286 1271 369 1353 Nihil
392 1294 430 1350 ex
452 1275 488 1340 iis
509 1273 628 1342 Caesari
650 1274 867 1365 incognitum:
893 1276 1040 1360 consilia,

124 1390 224 1469 locos,
247 1406 409 1478 prompta,
432 1391 552 1458 occulta
576 1403 724 1474 noverat,
745 1407 889 1482 astusque
902 1391 1037 1458 hostium

118 1505 153 1568 in
175 1503 343 1594 perniciem
363 1506 434 1594 ipsis
457 1507 614 1582 uertebat.
642 1507 719 1590 ,Sejo
744 1503 905 1580 Tuberoni
927 1510 1036 1600 legato

115 1621 212 1688 tradit
233 1623 390 1710 equitem,
411 1645 629 1716 campumque:
653 1624 790 1714 peditum
810 1627 908 1692 aciem
928 1624 972 1690 ita
986 1625 1033 1688 in-

83 1719 87 1729 *
116 1737 248 1818 struxit,
270 1755 307 1809 ut
321 1761 390 1828 pars
404 1761 484 1831 equo
498 1743 529 1809 in
544 1741 652 1807 silvam
666 1741 751 1807 aditu
764 1741 942 1823 incederet,
964 1760 1034 1828 pars

116 1851 266 1933 objeblum
282 1853 437 1946 bggerem
458 1858 650 1923 eniteretur:
672 1855 753 1942 quod
777 1856 934 1938 arduum,
961 1854 1014 1918 sibi
1020 1877 1033 1942 3

115 1965 221 2034 cetera
243 1969 354 2059 legatis
376 1972 540 2058 permisit.
575 1969 698 2056 Quibus
728 1967 818 2053 plana
846 1982 1034 2047 evenerant,

113 2081 207 2150 facile
232 2059 394 2170 inrupere:
417 2088 487 2172 quis
501 2080 723 2172 impugnandus
735 2103 852 2174 agger,
874 2097 909 2148 ut
924 2082 948 2146 si
965 2103 1032 2170 mu-

114 2221 188 2264 rum
210 2197 433 2286 succederent(
437 2208 510 2285 54),
532 2197 676 2290 gravibus
689 2217 822 2289 superne
836 2196 941 2270 idibus
953 2219 1030 2268 con·
1045 2241 1048 2250 ι

111 2312 322 2380 Ηῐᾶεώεηωτ.
343 2315 448 2389 Sensit
467 2317 529 2384 dux
550 2315 700 2404 imparem
722 2314 858 2387 cominus
873 2335 1028 2407 pugnam,

110 2427 299 2520 remotisque
321 2432 460 2522 paullum
485 2431 675 2523 legionibus,
704 2425 877 2498 funditores
899 2431 1027 2496 librato·
1080 2497 1086 2508 ,

111 2567 221 2633 resque
250 2555 282 2632 (5
289 2555 322 2633 5)
349 2565 498 2620 excutere
520 2548 603 2630 tela,
637 2547 877 2637 &proturbare
906 2539 1027 2610 hostem

111 2660 214 2741 iubet:
239 2661 337 2727 missae
359 2687 377 2728 e
393 2665 557 2734 tormentis
571 2663 685 2746 hastae,
705 2679 885 2753 quantoque
905 2660 1024 2748 conspi-

105 2775 159 2842 cui
183 2777 281 2869 magis
303 2800 564 2872 propugnatores,
587 2779 829 2870 tantopluribus
852 2775 1024 2842 vulneribus

106 2892 235 2974 deiebli.
258 2892 380 2963 Primus
402 2893 510 2962 „Castu
539 2917 611 2960 cum
640 2894 792 2986 praetoriis
820 2891 1022 2972 cohortibus,

108 3025 200 3099 capto
225 3009 326 3092 vallo,
355 2989 443 3084 dedit
471 3013 628 3102 impetum
651 3011 685 3078 in
707 3010 809 3078 silvas:
831 3010 956 3077 conlato
983 3007 1021 3072 il·

68 3173 73 3178 ·
102 3125 149 3192 lic
171 3127 269 3219 gradu
292 3143 463 3195 certatum:
486 3128 606 3200 bostem
630 3152 647 3194 a
669 3143 761 3228 tergo
775 3128 861 3218 palus
868 3175 886 3210 ,.
902 3125 1020 3190 Roma·

109 3261 163 3305 nus
184 3242 298 3310 flumen
321 3262 375 3312 aut
397 3262 518 3319 montes
540 3246 737 3313 claudebant:
761 3245 900 3329 utrisque
914 3257 1020 3302 neces-

105 3355 179 3426 sitas
200 3359 232 3424 in
255 3361 341 3444 loco,
365 3385 432 3454 spes
453 3365 486 3430 in
510 3364 645 3446 virtute,
666 3363 745 3434 salus
767 3379 807 3424 ex
823 3351 961 3424 victoria,

93 3474 138 3553 Ο
165 3471 259 3542 XXI·
282 3476 349 3552 Nec
372 3481 471 3548 minor
485 3479 651 3549 Germanis
671 3475 807 3553 animus,
829 3469 881 3538 sed
904 3489 1020 3560 genere

665 3592 691 3658 F
715 3616 734 3663 4
