2446 3942
204 315 311 388 xxxvi
395 325 398 334 ’
480 297 816 382 ΡΚΞΕΑΤΙὸι

114 535 116 541 ⁴
204 478 349 562 datoque
374 471 502 558 indici,
527 493 628 556 quem
655 490 768 539 tamen
794 451 963 536 nonnullis
988 463 1023 538 in
1049 423 1129 545 loc‘lt

207 579 391 676 auiiiorem
415 601 450 670 dt
474 599 713 666 accuratiorem
748 592 899 680 reddidi,
930 589 1069 660 alterum
1093 589 1132 674 in¹

207 724 438 812 Supplementa
462 722 633 796 &Notas
657 719 834 804 subiunxi.
1214 697 1215 704 ἵ

259 847 421 918 Percussis
442 863 566 916 ¹outem
606 849 744 932 huiusce
776 845 932 915 editionis
964 839 1130 926 consiliis,
1214 857 1215 894 z

207 999 283 1062 qum
307 972 400 1042 nobis
424 970 548 1041 fuerint
572 971 715 1043 subsidia
733 971 1002 1042 memorandum.
1027 969 1130 1052 Super

207 1091 399 1188 editiones,
423 1122 505 1187 quas
530 1101 566 1169 in
590 1099 691 1167 altera
715 1097 920 1167 Praefationis
944 1109 1034 1182 parte
1058 1113 1129 1159 mo-

208 1225 254 1292 do
279 1224 540 1311 appellavimus,
566 1222 762 1304 adiumento
786 1221 879 1290 fuere
903 1243 1005 1290 manu
1023 1215 1131 1300 scripti

186 1347 363 1424 ¹codices,
396 1361 472 1404 tum
504 1341 546 1402 ab
578 1343 671 1423 aliis,
704 1357 778 1401 tum
810 1355 830 1400 a
863 1343 957 1402 nobis
981 1337 1133 1418 imperti.

211 1463 420 1550 Antiquitate
446 1460 607 1548 principes
629 1449 728 1528 habet
744 1443 936 1527 Florentino
952 1454 1137 1523 Bibliothe-

212 1613 266 1658 ca.
292 1587 363 1676 Ibi,
396 1603 434 1654 ut
458 1589 528 1668 lam
558 1585 697 1673 monui,
731 1587 798 1654 Ms.
822 1583 949 1668 codex,
982 1579 1137 1649 omnium

200 1713 474 1800 'remstissimus,
509 1712 545 1780 in
570 1708 762 1793 Corbejensi
793 1709 996 1780 monasterio
1028 1727 1136 1793 reper-

212 1857 282 1908 tus.
315 1835 440 1908 Tiberii
464 1837 707 1926 principatum,
740 1859 798 1906 seu
831 1859 890 1906 sex
916 1836 1038 1925 priores
1063 1831 1141 1906 Ans

214 1963 340 2047 nalium
363 1959 484 2050 libros,
509 1979 639 2032 tantum
663 1962 907 2050 compleuitur.
958 1957 1054 2030 Alter
1077 1957 1139 2027 ibi·

215 2091 293 2177 dem
318 2105 368 2155 est
393 2089 463 2186 Ms¹
484 2088 617 2174 codex,
643 2092 679 2160 in
703 2111 772 2179 quo
796 2105 872 2158 sunt
896 2105 954 2156 sex
980 2088 1140 2174 posterio-

217 2233 268 2282 res
300 2203 505 2293 Annalium,
539 2210 575 2276 δε
608 2205 834 2280 Historiarum
865 2214 1013 2298 quinque
1046 2211 1143 2278 libri.

217 2331 380 2404 Exoratus
412 2347 462 2398 est
494 2328 599 2397 literis
631 2329 957 2422 Langobardorum,
998 2354 1143 2419 quorum

219 2481 269 2528 res
295 2457 331 2526 in
356 2453 457 2524 Italia
481 2452 624 2524 Carolus
647 2457 812 2546 Magnus«
828 2456 958 2526 adflixlt
983 2477 1035 2528 an.
1057 2463 1145 2542 772.
1214 2511 1215 2528 1

179 2673 183 2684 ,
218 2581 310 2650 Eum
333 2579 479 2650 Picheno
503 2579 604 2671 longe
630 2583 841 2654 vetustiorem
866 2583 1024 2671 credidit,
1050 2584 1143 2670 quod
1187 2621 1189 2624 ·

218 2706 264 2774 in·
288 2726 330 2774 eo
348 2703 589 2793 subscriptum-
610 2709 744 2793 reperit:
790 2717 853 2795 Ego
884 2709 1050 2777 sallustius
1082 2710 1147 2794 legi

220 2826 264 2903 li*
287 2834 445 2900 emendavi
468 2834 703 2923 Kommforlix,
736 2832 844 2898 olibrio
867 2831 908 2909 dor
933 2835 1054 2901 Prohinc
1076 2855 1146 2900 con-
1173 2826 1179 2838 ¹

220 2951 351 3040 solibus,
375 2961 407 3022 ir
426 2959 492 3047 foro
517 2963 626 3026 Mortis
651 2943 858 3027 conniventis
883 2957 1054 3026 declamans
1077 2979 1145 3025 ora·

219 3081 277 3146 tori
308 3078 508 3148 '‘endelechro.
559 3089 673 3150 Rursus
705 3083 952 3170 Constantinopoli
991 3087 1147 3168 recognovi

219 3205 349 3276 Caesario
371 3201 415 3278 dr
440 3209 534 3271 Attico
558 3208 734 3274 consulibus.
760 3209 807 3276 At
831 3204 967 3275 librariis
990 3229 1062 3276 mos
1085 3231 1145 3278 sae-

219 3344 261 3408 pe
284 3325 369 3414 fuit,
395 3349 471 3416 quae
497 3331 533 3398 in
557 3329 725 3434 codicibus
759 3334 960 3421 reperirent,
993 3333 1145 3401 transcri-

219 3441 316 3542 bere,
342 3475 410 3530 noo
434 3453 605 3529 observata
630 3459 757 3536 ratione
781 3477 990 3551 temporum,
1024 3456 1144 3546 quibus
