2446 3942
207 247 929 366 nnurnecuxv1n2tuOEnn
990 319 1027 375 ³⁷

112 441 235 508 bantur:
267 463 325 506 nec
356 438 454 504 minus
485 439 610 519 tristes,
642 437 695 526 qui
724 441 887 533 manebunt
919 450 1036 530 (126),

112 592 115 600 ·
168 554 259 622 XLI.
285 555 354 624 Non
376 554 516 620 florentis
538 551 690 634 Caesaris,
716 577 816 646 neque
836 559 896 626 suis
920 557 961 624 in'
977 581 1035 638 ca-¹

105 673 200 754 stris,
223 673 275 738 sed
298 671 385 740 velut
408 673 439 736 in
463 671 539 736 urbe
563 669 661 752 vilia,
696 666 790 740 facies
812 682 904 762 (127)
929 676 1035 766 genriq

106 805 220 878 tusque
244 811 278 854 ac
301 785 456 878 plandlus,
480 787 577 850 etiam
600 785 737 852 militum
750 809 961 878 autesotaque
976 791 1029 856 ad-

82 906 252 979 ‚vcrtdre
277 902 525 994 progrediuntur
550 901 776 968 contuberniis:
808 908 880 990 quis
903 902 957 970 ille
974 905 1029 989 fle·

104 1018 183 1086 bilis
207 1021 330 1086 sonus?
362 1018 446 1102 quod
464 1033 530 1085 tam
551 1019 673 1086 triste?
696 1017 832 1104 siminus
861 1019 1031 1104 inlustres,

104 1157 169 1202 non
199 1138 409 1200 centurionem
435 1132 478 1199 ad
504 1135 654 1216 tutelam,
683 1155 744 1202 non
773 1135 924 1215 militem,
955 1123 1034 1203 nihil

106 1252 326 1336 imperatorie
348 1254 472 1340 uxoris,
495 1267 551 1314 aut
573 1254 737 1316 comitatus
768 1253 875 1334 soliti,
902 1267 1034 1340 pergere

108 1365 154 1431 ad
170 1371 341 1444 Treveros,
372 1364 414 1440 iu
436 1383 574 1432 externe
589 1362 666 1448 fidei
689 1373 803 1453 (ηε).
830 1363 935 1434 Pudor
957 1367 1032 1434 inde

104 1479 141 1546 dc
165 1479 339 1562 miseratio,
363 1478 397 1546 ἃ
420 1481 517 1572 patris
540 1479 714 1574 Agrippae,
737 1479 873 1576 Augusti
896 1483 1030 1551 avsme-

104 1597 222 1679 moria,
245 1617 330 1662 socer
345 1594 483 1684 Drusus3
504 1599 570 1687 ipsa
584 1597 697 1690 insigni
711 1594 924 1682 fecunditate,
946 1621 1030 1691 prae·

103 1713 188 1778 clara
212 1712 376 1802 pudicitia:
400 1718 463 1796 jam
485 1711 585 1780 infans
609 1717 642 1780 iu
657 1716 766 1780 castris
782 1717 907 1806 genitus
921 1723 1031 1803 (129),

105 1830 138 1892 in
162 1823 364 1902 contubernio
388 1828 547 1921 legionum
562 1829 704 1910 edudlus,
726 1850 820 1917 quern
833 1831 962 1894 militari
977 1853 1031 1896 vo·

103 1944 213 2012 cabulo
237 1945 411 2032 Caligulam
435 1945 652 2032 appellabant,
674 1945 746 2028 quia
768 1943 969 2032 plerumque,
993 1941 1033 2008 ad
1129 1996 1134 2012 .

103 2059 298 2126 concilianda
321 2059 411 2147 vulgi
433 2057 534 2123 studia
558 2063 671 2146 (130),
694 2076 732 2122 eo
755 2056 895 2146 tegmine
917 2057 1039 2148 pedum

104 2174 316 2239 induebatur.
363 2171 425 2238 Sed
447 2169 523 2238 nihil
548 2191 637 2261 aeque
660 2169 769 2253 fleuit,
798 2171 889 2263 quam
911 2172 1031 2239 inuidia

103 2289 138 2354 in
163 2284 335 2355 Treveros:
363 2303 473 2367 orant,
505 2288 672 2369 obsistunt,
703 2287 841 2371 rediret,
872 2305 1030 2358 maneret:

103 2426 176 2496 pars
200 2383 388 2496 Agrippina:
411 2421 623 2486 occursantes,
653 2403 776 2492 plurimi
799 2405 838 2470 ad
860 2403 1029 2472 Germani-

104 2543 177 2588 cum
201 2521 348 2610 regressi:
374 2523 477 2611 isque,
500 2537 627 2588 uteret
650 2538 757 2586 recens
781 2516 888 2586 dolore
911 2517 948 2596 ὃς
970 2517 1029 2600 ira,
1101 2529 1105 2536 '

105 2635 187 2726 apud
211 2633 403 2702 circumfusos
434 2637 479 2704 ita
508 2637 623 2728 coepit.

132 2739 135 2744 ¹
164 2747 272 2816 XLII.
294 2752 372 2816 Non
393 2749 470 2817 mihi
492 2777 591 2834 uxor,
612 2771 665 2818 aut
684 2749 796 2834 filius,
814 2747 1027 2840 putrelsrre·

104 2868 228 2959 publicu
247 2869 392 2934 cariores
416 2883 505 2934 sunt:
535 2868 592 2933 sed
619 2867 709 2934 illum
732 2866 854 2952 quidem
882 2890 940 2935 sua
960 2889 1028 2936 ma·

102 2993 227 3073 jestas,
250 2986 420 3072 imperium
442 2988 614 3051 Romanum
635 2985 730 3048 ceteri
750 2987 904 3054 exercitus
923 2984 1028 3070 defun-

107 3083 195 3169 dent:
218 3103 393 3188 conjugem,
416 3099 459 3176 lp
480 3099 599 3176 liberos
620 3119 723 3188 meos,
746 3123 823 3188 quos
840 3118 904 3190 pro
922 3099 1030 3185 gloria

109 3235 218 3282 vestra
239 3217 337 3283 libens
358 3217 402 3286 ad
416 3199 550 3289 exitione
577 3221 745 3306 offerrem,
771 3197 850 3285 nunc
874 3209 989 3304 procul
1007 3231 1029 3278 a

102 3329 283 3417 furentibus
313 3333 497 3434 submoveo:
526 3351 579 3418 ut,
608 3335 759 3422 quidquid
786 3338 869 3397 istuc
899 3325 1027 3396 sceleris

22 3501 24 3506 ,
109 3449 266 3532 imminet,
287 3471 352 3526 meo
372 3467 493 3525 tantum
515 3455 660 3541 sanguine
686 3443 816 3537 pietur:
845 3463 920 3513 neve
947 3445 1028 3510 occi·

667 3561 699 3630 C
724 3587 739 3639 3
