2434 3940
156 311 229 384 AN.
240 302 859 386 U.C.DCCLXXII.AER.CHR.19·
926 337 981 392 133

75 466 276 553 repetivisse.
299 455 394 524 Simul
407 456 583 524 Domitium
605 455 779 546 impositum
801 459 923 526 triremi
934 465 985 528 ui·
1087 520 1089 528 .

73 598 141 646 sure
159 578 292 646 litorum
321 596 436 658 oraru,
468 589 650 661 preterque
671 573 789 638 insulas
815 577 879 643 isto
899 579 986 644 muri

70 713 197 786 pergere
218 697 252 760 ir
277 695 406 774 syrium
429 687 535 770 jubet:
566 703 787 754 concurrentes
818 687 986 758 desertores

70 833 126 901 pes
147 807 318 900 unatripulos
339 804 514 898 componit,
544 821 644 872 armat
666 803 767 886 lixas,
797 802 987 893 trajediisque

69 927 340 993 incontinentem
363 921 504 1002 navibus,
534 921 681 988 vexillum
711 920 849 986 tironum
878 917 911 985 in
933 917 989 999 Sy·

69 1041 145 1108 riam
168 1041 313 1107 euntium
342 1036 501 1126 intercipit
530 1045 643 1124 (190).
674 1034 808 1128 Regulis
829 1033 989 1118 Cilicum,

68 1175 103 1224 ut
127 1179 163 1222 se
187 1154 316 1222 auxiliis
333 1155 484 1234 juvarent
506 1152 627 1240 scribit3
651 1151 730 1218 haud
753 1151 866 1244 ignavo
882 1153 919 1217 ad
933 1153 990 1216 mi-

67 1270 197 1338 nisteria
220 1267 292 1334 belli
314 1271 423 1349 juvene
443 1267 580 1351 Pisone,
609 1287 794 1358 quamquam
823 1268 989 1358 suscipien-

66 1387 143 1452 dum
167 1384 281 1450 beilum
302 1386 466 1452 abnuisset.
565 1436 567 1440 -

140 1496 298 1566 LXXIX.
330 1498 433 1593 Igitur
467 1525 552 1570 oram
583 1499 692 1584 Lyciae
730 1527 766 1570 ac
796 1500 988 1594 Pamphyliae

66 1617 293 1710 praelegentes,
320 1617 413 1684 obviis
436 1619 578 1700 nauibus,
607 1639 678 1710 quae
700 1614 909 1710 Agrippinam
933 1639 987 1684 ve·

12 1753 13 1762 ¹
65 1731 493 1821 debant,utrimqueinsensi,
514 1756 598 1798 arma
606 1735 706 1821 primo
714 1732 894 1820 expediere:
917 1733 988 1799 dein

12 1853 13 1856 ’
66 1863 178 1912 mutua
199 1843 380 1930 formidine,
404 1871 467 1912 non
488 1849 568 1914 ultra
584 1846 720 1937 jurgium
735 1867 909 1934 processum
923 1863 988 1910 est:

66 1963 378 2051 Marsusquevibius
402 1959 706 2039 nuntiaturum,
731 1963 858 2026 nomam
882 1959 924 2026 au
942 1940 995 2026 su

65 2079 196 2146 sensim
226 2097 353 2144 causum
383 2079 528 2140 veniret.
558 2071 618 2140 Itte
649 2073 776 2141 eludens
804 2075 990 2164 respondit,

64 2181 274 2280 aeifutururu,
303 2190 354 2258 ubi
369 2207 520 2280 pretor,
549 2195 605 2277 qui
631 2189 666 2256 de
693 2187 845 2273 venerisiis
867 2213 989 2279 quere·-

64 2325 132 2388 ret,
155 2329 211 2374 reo
225 2322 319 2392 atque
329 2304 553 2374 accusatoribus
566 2307 646 2374 diem
657 2307 857 2397 predixisset
873 2317 987 2397 (191).

66 2423 203 2489 Interim
226 2421 382 2488 Domitius
395 2420 598 2506 Laodiceam,
619 2425 726 2490 urbem
741 2423 858 2505 Syriae,
880 2425 988 2513 adpul-

12 2629 13 2632 ,
70 2561 139 2621 sus,
160 2560 234 2604 cum
256 2538 380 2606 hiberna
403 2556 499 2606 sexte
521 2541 651 2633 legion-is
659 2557 804 2632 peteret,
825 2539 908 2630 quod
921 2559 988 2606 eam

68 2653 207 2720 maxime
230 2653 314 2751 novis
335 2657 465 2721 consiliis
486 2657 627 2722 idoneam
650 2657 791 2739 rebatur,
814 2679 831 2720 a
853 2654 988 2722 Pacuvio

72 2771 182 2861 legato
204 2768 414 2857 praevenitur.
427 2769 462 2837 Id
470 2768 592 2840 Sentius
599 2771 711 2866 Pisoni·
727 2795 782 2860 per
796 2772 901 2838 literas
914 2795 987 2863 ape-

72 2885 130 2967 rit,
153 2901 324 2975 monetque
344 2907 380 2953 ne
401 2903 506 2952 custru
529 2887 787 2977 corruptoribus,
809 2911 844 2954 ue
860 2895 986 2979 provin-

73 3005 150 3067 ciam
166 2999 247 3088 delio
264 3019 383 3069 tentes:
406 3023 543 3092 quosque
556 3003 734 3096 Germanici
750 3029 912 3090 memores,
925 3019 987 3083 ,aut

72 3115 201 3184 inimicis
222 3121 287 3198 ejus
317 3118 459 3187 adversos
489 3139 694 3212 cognoverat,
721 3125 894 3202 contrahit,
924 3137 988 3181 ma-

73 3231 268 3322 gnitudinem
291 3241 386 3322 (192)
409 3235 607 3327 Imperatoris
635 3240 803 3308 identidem
827 3241 989 3324 ingerens,

73 3345 108 3411 ἃ
131 3347 350 3432 rempublicam
370 3357 471 3426 armis
490 3359 583 3442 peti:
613 3349 912 3447 ducitque‘validam
925 3367 989 3414 ma-

75 3483 171 3548 num,
195 3459 230 3528 dc
254 3465 368 3552 proelio
390 3483 544 3558 putatam.
573 3546 575 3552 ‚

645 3583 699 3658 13
