2434 3940
163 309 887 391 AN.U.C;DCCLXX111.AER..CHR.20.
950 337 1008 402 ¹⁶5

98 489 214 538 versum
237 486 407 558 nepotem.
429 466 568 534 Additur
581 465 794 557 pontificatus,
816 467 851 538 dt
870 493 932 561 quo
946 469 1011 560 pri-

95 607 176 652 murn
197 585 248 651 die
269 581 372 651 forum
388 585 540 676 ingressus
555 589 626 670 (⁶8)
641 600 709 666 est,
731 587 918 676 congiarium
941 589 1009 680 ple-

91 701 140 784 bi,
162 701 325 770 admodum
348 701 457 782 late,
486 699 569 790 quod
592 697 773 768 Germanici
802 701 927 792 stirpem
949 707 1009 785 jam

93 818 238 910 puberem
260 817 439 908 aspiciebat.
462 811 597 884 Aulium
612 815 723 884 dehinc
740 815 882 908 gaudium
900 821 1011 907 nuptiis

93 923 226 1002 Neronis
249 933 283 1000 st
300 921 390 1019 Juliae
405 939 497 1018 (⁶9),
520 930 616 998 Drusi
639 931 725 1000 filiae.
749 928 861 1022 thue
883 931 949 1000 haec
964 955 1011 998 se-

91 1051 192 1118 cundo
214 1063 359 1130 rumore,
380 1047 423 1114 ita
444 1047 577 1114 adversis
599 1049 707 1116 animis
727 1066 908 1138 acceptum,
929 1047 1011 1140 quod

91 1165 157 1233 lilio
179 1163 304 1232 Claudii
333 1173 420 1230 socer
450 1163 578 1245 Seianus
605 1165 813 1233 destinaretur
829 1191 845 1244 r¹
868 1165 1012 1256 polluisse

86 1282 288 1350 nobilitatem
307 1277 429 1344 familiar
443 1276 620 1360 videbatur,
644 1282 872 1370 suspedluruque
886 1285 948 1361 jam
963 1279 1011 1346 ni-

95 1397 171 1466 rniae
194 1396 258 1484 spei
282 1391 428 1476 Seianum
449 1393 533 1468 ultro
554 1401 626 1481 (70)
649 1397 811 1464 extulisse.

169 1633 210 1695 ι.
232 1625 351 1700 Volusii·
373 1615 416 1706 lo
437 1627 585 1698 saunnr
607 1603 743 1720 crispe,
764 1627 931 1719 insignium
999 1591 1021 1716 ¹,

396 1748 562 1827 uirorum,
584 1744 703 1812 obitus.

156 1963 270 2044 XXXa
293 1973 374 2044 Fine
395 1977 469 2044 anni
491 1989 678 2046 concessere¹
697 1975 760 2042 rita
782 1972 915 2064 insignes
937 1963 1013 2056 viri,

89 2083 132 2160 L.
157 2085 333 2172 Volusius,-
355 2087 390 2156 ἀ
414 2090 577 2157 Sallustius
596 2089 741 2178 Crispus.
771 2087 903 2158 Volusio
925 2099 1014 2155 vetus

84 2205 230 2284 fennlia5
254 2209 355 2291 neque
370 2181 482 2270 tamen
497 2200 666 2292 praelulam
689 2214 831 2296 egressas
851 2205 915 2296 ipse
936 2219 1012 2272 ton-

84 2321 227 2390 sulatum
248 2318 375 2401 intulit,
404 2321 543 2388 censoria
573 2321 668 2388 etiam
691 2335 847 2412 potestate
871 2329 941 2411 (γι)
964 2322 1011 2390 le-

90 2437 201 2532 gendis
223 2435 506 2526 equitumdecuriis
520 2433 656 2522 furnus,
678 2459 851 2530 opumque,
872 2437 1012 2526 qulsdo·

80 2575 165 2620 -mus
190 2551 242 2616 illa
270 2552 450 2620 immensum
480 2555 603 2644 viguit,
635 2557 749 2644 primus
778 2550 1011 2619 adcumularat.

89 2667 264 2756 Crispum,
287 2671 421 2754 equestri
443 2688 547 2738 ortum
568 2669 657 2753 loeo,
687 2667 729 2736 Cr
753 2666 939 2748 Sallustius,
963 2685 1013 2732 re-

92 2807 166 2853 rum
191 2779 403 2848 Romanarum
427 2784 659 2856 florentissimus
673 2783 797 2865 audon,
820 2783 931 2850 sororis
956 2801 1012 2850 ne-

91 2921 203 2995 potem
227 2900 259 2964 in
283 2909 396 2965 nomen
421 2899 571 2968 adscivit:
599 2913 693 2989 atque
721 2898 800 2982 ille,
828 2921 1012 2990 quamquam

84 3032 242 3109 -prompto
266 3013 305 3082 ad
327 3017 524 3105 capessendos
549 3016 680 3082 honores
709 3017 792 3084 aditu
807 3057 818 3099 ,
831 3059 834 3066 »
849 2993 1013 3084 Mercenn-

95 3149 164 3199 tem
196 3133 384 3224 emulatus,
423 3134 488 3198 sine
520 3134 674 3228 dignitate
710 3133 862 3208 senatoria
900 3131 1013 3198 multos

97 3249 348 3336 triumphalium
371 3251 789 3342 consulariumquepotentia
813 3247 940 3315 anteiit:
965 3245 1013 3314 di·

98 3383 205 3430 versus
227 3387 244 3428 a
269 3383 410 3435 veterum
436 3367 597 3450 instituto,
623 3391 678 3459 per
700 3369 819 3434 cultum
838 3361 880 3432 ,ἀ
892 3359 1013 3432 niundi-

101 3479 177 3566 ties3
210 3480 357 3572 copiaque
387 3479 630 3572 sceldunea,
661 3486 735 3550 luxu
767 3485 837 3574 (7²)
866 3481 1012 3581 propiore

654 3598 722 3677 Ls
