2446 3942
216 356 255 404 40
430 321 741 394 ANNAL'IUM
771 325 869 440 L'IB.
891 325 919 392 1.
981 397 984 404 ,

215 483 305 547 debat
335 476 466 544 caedibus
493 475 602 559 miles,
632 493 788 566 tamquam
818 495 918 544 sernet
947 475 1142 542 absolverett

216 621 273 663 nec
295 593 403 662 Caesar
424 593 566 674 arcebat,
588 593 710 682 quando
731 593 817 661 nullo
836 593 930 684 ipsius
951 594 1050 674 jussu,
1080 612 1142 682 pe·
1185 581 1187 600 '

217 735 269 778 nes
299 713 422 778 eosdem
452 709 570 776 saevitia
599 707 669 776 fatti
700 709 736 778 dc
765 710 878 777 invidia
908 726 994 777 erat.
1030 707 1145 776 Securi

216 829 393 918 exemplum
403 823 642 907 veterani‚haud
657 828 757 892 multo
772 845 842 918 post
857 828 889 892 in
897 825 1097 912 Raetiam(13
1105 830 1142 908 5)

217 947 402 1027 mittuntur,
424 943 527 1035 specie
549 939 752 1010 defendendae
774 944 961 1034 provinciae,
982 943 1022 1009 ob
1034 940 1143 1005 immi·-

217 1077 327 1155 netues
357 1060 489 1128 Suevos:
518 1077 678 1141 ceterum,
709 1076 745 1124 ut
773 1061 983 1126 avellerentur
1009 1058 1143 1136 castris,

217 1159 353 1245 trucibus
374 1177 472 1243 adbuc
494 1199 555 1242 non
578 1176 677 1244 minus
692 1177 861 1263 asperitate
875 1175 1025 1257 remedii,
1046 1194 1142 1262 quam

217 1295 341 1360 sceleris
362 1291 528 1357 memoria.
559 1265 823 1356 Centurionatum
844 1291 918 1358 inde
939 1293 1008 1384 egit
1028 1296 1141 1378 (136):

214 1409 330 1474 citatus
348 1407 385 1470 ab
406 1404 615 1492 imperatore,
637 1425 768 1485 nomen,
790 1404 929 1470 ordinem
950 1413 1064 1492 (137),
1085 1427 1143 1494 pa·
1213 1461 1214 1468 ,

215 1521 326 1600 triam,
341 1540 502 1584 munerum
518 1518 761 1607 stipendiorum,
776 1541 845 1607 quae
861 1536 989 1586 strenue
1003 1521 1035 1586 in
1052 1542 1142 1612 proe-
1212 1573 1214 1596 2

215 1637 265 1703 liis
285 1633 429 1717 fecisset,
450 1633 485 1702 dt
506 1635 558 1702 cui
572 1652 663 1700 erant
677 1635 756 1702 dona
770 1635 917 1702 militaria
932 1644 1045 1723 (138),
1065 1638 1144 1702 ede-

215 1755 284 1820 bat:
307 1751 332 1816 si
354 1752 489 1836 tribuni,
510 1752 536 1816 si
547 1751 651 1842 legio,
672 1751 853 1820 iudustriam
867 1749 1143 1838 innocentiamque

215 1870 478 1960 adprobaverunt,
508 1867 664 1934 retinebat
693 1870 849 1938 ordinem:
880 1869 929 1935 ubi
958 1867 1141 1947 avaritiam,

114 1991 119 2000 '
215 2001 270 2054 aut
292 1984 511 2054 crudelitatem
532 2005 680 2052 consensu
696 1986 945 2068 objetlavissent,
966 1984 1139 2052 solvebatur

216 2101 343 2170 militia.

256 2210 383 2284 XLV·
405 2211 459 2280 Sic
479 2216 656 2304 compositis
684 2221 901 2306 praesentibus,
931 2219 1012 2285 baud
1041 2217 1141 2284 ruinor

216 2328 315 2396 moles
335 2344 514 2416 supererat,
536 2331 574 2396 ob
595 2327 743 2396 ferociam
763 2332 883 2421 quintae
904 2331 938 2399 dt
956 2333 1139 2400 unetvicesi-
1210 2401 1211 2404 ,

216 2465 277 2512 mae
299 2443 476 2536 legionrun,
506 2445 727 2537 sexagesimum
757 2445 838 2534 apud
867 2446 1019 2534 lapidem,
1050 2451 1144 2534 (loco

216 2567 328 2628 Vetera
351 2567 445 2646 (¹39)
468 2581 579 2627 nomen
600 2567 669 2649 est)
691 2561 946 2630 hibernentium
959 2584 1031 2648 nam
1045 2561 1141 2652 primi
1209 2605 1210 2652 ,

216 2675 401 2742 seditionem
421 2691 657 2767 cceptaverant3
679 2677 901 2746 atrocissimum
922 2679 1065 2770 quodque
1093 2677 1137 2744 fa·
1209 2655 1210 2727 l

217 2791 303 2858 ciuus
322 2791 433 2862 horum
453 2794 590 2861 manibus
610 2809 787 2883 patratum:
808 2815 868 2862 nec
888 2817 982 2886 prena
1010 2795 1138 2862 commi·

218 2903 350 2972 litonum
371 2911 536 2994 exterriti,
559 2931 618 2978 uec
639 2911 822 3002 paenitentia
837 2894 996 2992 codversi,
1011 2911 1072 2978 iras
1087 2933 1136 2978 re-

217 3020 373 3088 tinebant.
396 3021 500 3115 Igitur
522 3025 631 3094 Caesar
652 3049 756 3110 arma,
778 3028 925 3108 classem,
955 3028 1050 3092 socios
1080 3029 1136 3092 de·

215 3137 346 3204 mittere
360 3133 475 3204 Rbeno
496 3160 603 3230 parat:
618 3145 643 3208 si
657 3143 823 3234 imperium
844 3140 1054 3225 detrudetur,
1070 3142 1136 3208 bel-
1206 3187 1207 3238 ἶ

215 3253 248 3319 lo
269 3269 462 3322 certaturus.
1204 3273 1207 3305 l

270 3365 406 3441 XLVI..
420 3373 469 3438 At
491 3367 604 3440 Romae
624 3376 758 3446 nondum
778 3375 924 3468 cognito,
947 3376 999 3468 qui
1028 3371 1131 3446 fuisra
1204 3371 1206 3506 Ι

177 3503 180 3510 ⁴
212 3478 314 3548 exitus
335 3483 367 3550 in
390 3485 536 3596 illyrico,
557 3488 593 3560 dt
613 3492 771 3586 legionum
784 3491 1042 3582 Germanicarum
1065 3505 1134 3560 mo-'
