2432 3940
624 229 637 260 1

217 379 278 436 ut
435 349 743 426 ANNALIUM
770 343 869 424 Llssi
893 356 937 424 11.

211 515 315 588 mitius
335 509 513 576 Romanum
533 505 698 599 imperium
718 524 911 595 speraretur.
941 501 1136 601 Commage-

211 633 258 701 nis
277 628 327 718 Q
342 625 485 693 Servaeus
513 625 726 714 praeponitur,
757 641 823 690 tum
853 623 989 717 primum
1016 623 1057 690 ad
1084 629 1137 708 jus

210 743 356 840 praetoris
377 749 475 831 (150)
495 742 670 809 translatis.
714 771 717 778 ·

269 857 379 931 LVII.
402 856 585 950 Cornaque
613 857 737 924 socialia
766 881 915 950 prospere
941 855 1136 949 composita,

210 1004 274 1048 non
296 979 366 1044 ideo
387 977 497 1043 lartum
519 975 742 1044 Germanicum
763 975 938 1058 habehant,
964 977 1003 1042 ob
1023 996 1136 1064 super-

211 1097 291 1167 biam
311 1091 452 1175 Pisonis,
472 1093 533 1186 qui·
546 1096 641 1174 jussus
661 1107 786 1181 partem
810 1093 967 1186 legionum
980 1094 1064 1182 ipse,
1078 1105 1137 1157 aut

212 1235 269 1306 per
292 1210 389 1278 lilium
411 1211 444 1276 in
459 1209 643 1276 Armeniam
656 1209 791 1292 ducere,
813 1209 1137 1300 utrumqueneglexe·

210 1345 279 1395 rat.
300 1323 417 1405 Cyrrhi
440 1330 536 1407 (151)
557 1323 682 1388 demum
703 1324 782 1408 apud
796 1322 922 1390 hiberna
937 1325 1076 1392 decumae
1088 1325 1136 1390 le·

211 1440 310 1534 gionis
330 1456 524 1517 convenere,
546 1435 669 1502 firmato
689 1437 799 1517 uultu,
820 1435 893 1502 Piso
907 1439 1055 1506 adversus
1068 1460 1137 1507 me-

210 1574 298 1636 rum,
321 1550 544 1633 Germanicus,
567 1573 608 1618 ne
628 1551 741 1617 minari
761 1551 964 1638 crederetur}
984 1553 1024 1621 dt
1046 1573 1138 1638 erat,

209 1687 245 1737 ut
267 1668 381 1752 retuli,
402 1666 607 1736 clementior:
629 1667 684 1734 sed
705 1665 796 1734 amici
809 1666 1012 1737 accendendis
1033 1672 1139 1736 offen-

210 1785 342 1852 sionibus
362 1783 486 1862 callidi,
508 1784 673 1852 intendere
688 1806 781 1867 uera,
802 1783 952 1878 adgerere
964 1780 1060 1866 salsa,
1083 1783 1137 1873 ip·
1203 1827 1204 1830 ,

212 1925 339 1996 sumque
361 1901 396 1970 dt
418 1900 619 1986 Plancinam,
640 1901 678 1970 dt
701 1900 777 1968 filios
799 1900 888 1968 uariis
909 1900 1007 1968 modis
1028 1900 1136 1966 trimi·
1203 1903 1204 1908 ’

213 2021 305 2088 nari.
327 2019 492 2088 Postremo
521 2021 626 2112 paucis
645 2017 843 2087 familiarium
862 2016 1003 2084 adhibitis
1030 2038 1135 2085 sermo

211 2153 336 2220 coeptus
355 2135 535 2218 aCaesare,
557 2139 681 2224 qualem
704 2136 751 2202 ira
774 2143 870 2238 (rsp)
885 2132 920 2202 δε
932 2133 1133 2200 dissimulatio

212 2245 334 2338 gignit:
370 2268 550 2334 responsum
584 2271 603 2314 a
632 2248 747 2316 Pisone
776 2245 916 2339 precibus
942 2252 1133 2318 contumaci·

203 2361 266 2430 'bus
280 2365 394 2446 (153),
408 2360 672 2450 discesserantque
686 2364 803 2449 opertis
817 2364 895 2428 odiis
910 2372 1005 2452 (154)
1021 2393 1030 2433 :
1045 2383 1134 2454 post·
1194 2429 1195 2433 ,

212 2497 273 2566 que
294 2497 379 2542 rarus
399 2477 433 2542 in
453 2477 597 2543 tribunali
617 2475 750 2544 Caesaris
771 2475 867 2563 Pis03
896 2475 933 2544 dt
960 2480 986 2543 si
1007 2483 1136 2568 quando

211 2592 385 2676 adsideret,
408 2611 516 2676 atron,
538 2617 575 2660 ac
595 2589 957 2670 dissentiremanifestus:
978 2618 1039 2661 vox
1053 2615 1133 2686 quo-

210 2731 273 2798 que
294 2713 360 2793 ejus
381 2708 484 2779 audita
505 2728 553 2777 est
575 2712 608 2778 in
627 2711 790 2793 convivio,
819 2731 891 2776 cum
918 2712 999 2802 apud
1023 2733 1131 2804 regem

212 2823 452 2911 Nabathaeorum
472 2851 596 2896 coronae
608 2849 711 2896 aurete
725 2850 839 2920 magno
862 2829 999 2918 pondere
1012 2826 1129 2896 Caesari

210 2937 248 3006 dt
275 2939 480 3034 Agrippinae,
509 2946 593 3015 leves
612 2945 718 3014 Pisoni
737 2943 774 3012 ἃ
794 2946 906 3012 ceteris
926 2945 1127 3012 offerrentur:

212 3059 370 3145 Principis
392 3065 544 3154 Romani,
565 3087 625 3131 non
649 3061 760 3131 Parthi
777 3065 860 3149 regis
876 3059 968 3145 filio,
990 3083 1042 3129 eas
1058 3079 1126 3150 epu·

209 3174 260 3240 las
282 3175 354 3242 dart
370 3181 492 3261 (155)··
512 3179 687 3268 abjecitque
706 3178 797 3243 simul
813 3199 977 3260 coronam,
998 3176 1033 3243 dt
1049 3176 1124 3243 mul-

207 3303 243 3352 ta
264 3289 297 3356 in
318 3291 424 3358 luxum
446 3291 583 3379 addidit,
611 3317 683 3384 quae
705 3293 915 3379 Germanico,
943 3313 1123 3386 quamquam
1197 3317 1198 3322 ¹

207 3404 337 3488 acerba,
361 3410 572 3478 tolerabantur
592 3429 722 3478 tamen.
1196 3491 1197 3502 χ

166 3546 172 3558 ·
265 3511 390 3590 LVlll
415 3523 507 3597 Inter
527 3549 597 3622 quae
621 3529 658 3596 ab
679 3543 755 3636 rege
776 3525 969 3598 Parthorum
991 3525 1123 3599 Artaba·
1196 3505 1197 3556 3
