2434 3940
92 263 821 348 AN.U.C.DCCLXX111.AER.CHR.20.
886 305 945 360 157

92 421 188 491 XIX.
218 423 323 491 Paucis
350 443 422 516 post
442 425 548 492 diebus
569 424 680 496 (ω’
696 427 799 496 anaor
827 426 947 496 senatui

33 535 115 621 fuit,
136 542 272 622 Vitellio,
294 558 387 628 utque
409 546 556 622 Veranio,
578 538 622 616 19
634 551 759 610 seruas
780 545 948 612 sacerdotia

33 655 201 722 tribuendi:
223 657 363 724 Fulcinio
385 659 572 745 suffragium
587 655 761 725 adhonures
775 657 947 746 pollicitus,

32 771 174 854 monuit,
199 793 236 838 ne
251 773 432 862 facundiam
453 773 597 840 uiolentia
614 775 842 862 praecipitaret.
863 771 893 842 Is
913 771 948 838 fi.

32 886 73 950 nis
87 883 149 952 fuit
163 887 337 956 ulciscenda
346 887 528 954 Germanici
544 905 663 970 morte,
686 907 748 952 non
762 885 855 954 modo
868 887 950 976 apud

30 1000 97 1066 ilios
120 1001 262 1070 homines
277 1055 287 1085 ,
308 1004 365 1092 qui
379 1017 447 1066 tum
460 1001 611 1094 agebant,
635 1002 730 1070 otiam
743 1003 854 1072 secutis
868 1018 950 1070 tem-

30 1117 151 1204 poribus
175 1117 261 1184 uario
282 1137 407 1185 rumore
430 1117 553 1197 infima:
576 1118 654 1186 adeo
666 1119 800 1186 maxima
821 1139 954 1208 quaqua

28 1233 172 1322 ambigua
194 1247 292 1314 sunt,
321 1231 394 1298 dum
422 1234 474 1298 alii
496 1255 619 1323 quoquo
646 1233 738 1302 modo
765 1233 867 1301 audita
896 1255 955 1324 pro

28 1344 203 1435 compertis
225 1345 354 1433 habent3
374 1345 427 1414 atii
450 1371 521 1416 vera
542 1349 574 1414 in
594 1349 788 1419 contrarium
803 1367 950 1418 vertunt:

29 1459 63 1527 it
88 1461 197 1552 gliscit
221 1467 387 1551 utrumque
410 1464 592 1554 posteritate
608 1498 621 1530 a
641 1459 691 1534 At
711 1466 832 1534 Drusus
858 1462 950 1534 Urbs

29 1597 167 1666 egressus
188 1578 365 1667 repetendis
391 1581 531 1671 auspiciis
552 1589 644 1666 (aa),
675 1603 748 1649 mox
777 1604 871 1650 ovans
899 1583 949 1648 in-

30 1693 133 1774 troiit,
157 1715 330 1784 paucosque
353 1712 424 1780 post
444 1693 668 1781 diesVipsania
686 1711 786 1762 mater
802 1701 870 1776 ejus
894 1719 948 1766 er-

32 1808 139 1888 cessit,
161 1827 221 1884 una
243 1807 381 1872 omnium
403 1801 558 1898 Agrippas
586 1807 755 1874 liberorum
785 1809 855 1874 miti
885 1809 949 1876 obi-

30 1937 62 1985 tu
82 1928 177 2008 (43).
208 1919 287 1992 Nam
312 1937 436 1988 ceteros
463 1917 662 2020 manifestum.
677 1917 779 2008 ferto,
809 1923 860 1989 vel
882 1944 949 1990 crea

31 2033 126 2104 ditum
147 2053 216 2125 esc,
236 2058 357 2107 ueneno
377 2051 430 2106 aut
446 2031 533 2108 'fane
556 2031 733 2112 exsufflas.

47 2267 232 2357 chfirrinur
250 2268 358 2338 bellum
380 2275 413 2337 r'n
427 2271 536 2361 Africa
556 2287 702 2352 renouat,
723 2271 804 2358 quod
821 2274 926 2362 oppri-

201 2391 340 2455 mitum
360 2395 400 2454 L.
415 2391 567 2476 Apronio,
586 2387 774 2476 proconsule.

83 2613 166 2684 XX.
179 2613 298 2686 Eodem
313 2642 393 2686 anno
404 2615 605 2704 Tacfarinas,
628 2641 723 2715 quern
738 2622 844 2712 priore
860 2633 949 2686 asta·

37 2746 64 2798 te
82 2733 205 2822 pulsum
228 2755 246 2798 a
268 2732 403 2801 Camillo
424 2737 620 2820 memoravi,
650 2737 764 2804 bellum
787 2736 819 2802 in
842 2730 950 2806 Africa

39 2865 180 2932 renovat,
200 2850 285 2942 vagis
306 2850 441 2940 primum
463 2851 729 2941 populationibus,
760 2849 795 2918 &
817 2853 855 2923 ub
876 2875 948 2944 per·

39 2961 188 3032 nicitatem
203 2963 327 3040 inultis:
342 2965 414 3033 dein
431 2965 512 3034 vicos
526 2967 726 3052 exscindere,
740 2967 863 3037 trahere
878 2991 948 3064 gra·
977 3016 980 3026 -

39 3098 83 3144 ves
103 3082 244 3168 praedast
267 3099 455 3184 postremo,¹
471 3082 548 3150 haud
570 3083 678 3174 procul
700 3083 825 3176 Pagyda
845 3083 948 3160 flumi-

41 3213 98 3276 ne,
120 3197 281 3266 cohortem
302 3197 476 3268 Romanam
498 3201 712 3270 circumsedit.
735 3200 876 3270 Praeerat
897 3219 948 3264 ca·

40 3309 123 3374 stello
131 3309 280 3395 Decrius,
303 3316 438 3408 impiger
459 3339 571 3402 manu,
593 3319 752 3385 exercitus
772 3314 900 3393 militia,
914 3309 949 3380 &

42 3418 118 3509 {11²¹ss
137 3426 322 3503 obsidionem
344 3430 456 3524 flagitii
478 3451 590 3502 ratus.
619 3431 848 3500 Is‘cohortatus
869 3426 949 3498 mili·
