2474 3944
237 285 300 336 nto
383 287 391 298 ·
437 250 747 328 ANNALIUM
776 251 965 326 LIB.IV.

238 415 339 492 sum,
362 406 440 475 nibil
459 429 528 475 esse
549 424 615 472 tam
637 405 806 484 excelsum,
835 405 919 488 quod
938 425 999 470 non
1020 405 1161 470 uirtutes

238 531 328 608 istae,
353 536 481 610 tuusque
509 527 542 588 in
572 543 620 590 me
649 526 771 591 unimus
794 536 996 603 mereamur,-
1025 520 1164 604 datoque

238 656 393 730 tempore,
416 639 467 708 orl
480 643 653 722 incenato,
676 637 728 716 vel
740 639 773 702 in
787 640 925 704 concione
940 657 1000 702 non
1015 633 1165 702 reticebo.

284 875 479 940 Matrimonii
499 887 551 958 spe
572 869 725 954 sitiebas,
756 871 931 955 Principem
951 867 995 932 ad
1013 871 1122 933 vitam

410 987 522 1076 procul
544 990 640 1054 Romo
661 986 821 1074 degendam
843 983 986 1074 impellit.

300 1219 402 1288 ΧΗ.
425 1219 562 1286 Rursum
586 1219 713 1300 Sejanus
734 1223 849 1307 (110),
872 1240 933 1284 non
956 1219 1016 1298 iam
1036 1214 1076 1280 de
1101 1234 1170 1278 ma·
1213 1237 1214 1310 t

246 1337 395 1401 trimouio
406 1383 417 1414 ,
439 1336 491 1398 sed
516 1336 605 1398 altius
628 1351 794 1412 metuens,
817 1336 917 1397 tacita
937 1333 1169 1420 suspicionum,

245 1450 334 1536 voigi
356 1467 534 1528 rumorem,
558 1451 746 1534 ingruentem
768 1447 941 1528 invidiam,
963 1446 1169 1536 deprecatur.

242 1557 296 1632 Ac
323 1584 362 1626 ne
385 1559 523 1625 adsiduos
545 1561 575 1626 in
598 1561 722 1626 domum
743 1575 845 1628 coetus
865 1550 1024 1642 arcendo,
1055 1556 1170 1626 infrin·

242 1692 336 1770 geret
361 1675 554 1765 potentiam,
582 1693 635 1742 aut
658 1675 871 1766 receptando,
898 1670 1082 1740 facultatem
1108 1675 1171 1740 cri-

243 1791 427 1862 minantibus
451 1793 629 1881 praeboret3
650 1791 710 1858 huc
733 1791 848 1872 flexit,
875 1807 912 1855 ut
933 1786 1101 1855 Tiberium
1134 1787 1170 1856 ad
1214 1781 1215 1828 t

247 1910 363 1990 uitam,
387 1910 494 2000 ptooul
511 1907 632 1990 Roma,
653 1907 783 1980 antoeuis
797 1907 873 1973 locis
894 1905 1088 1998 degendam,
1111 1906 1169 1971 im·
1212 1831 1215 1946 l

247 2027 407 2116 pelleret.
437 2025 551 2104 Multa¹
567 2025 681 2115 quippe
710 2023 910 2114 providebatz
941 2023 1048 2096 suain
1075 2044 1168 2088 manu

245 2141 366 2218 aditus,
388 2139 609 2228 literarumque
630 2163 743 2230 magna
771 2163 809 2206 ex
838 2155 928 2230 parte
956 2159 988 2204 se
1019 2139 1165 2204 arbitrum

245 2250 333 2332 iore,
355 2273 425 2317 cum
449 2273 505 2342 per
527 2253 641 2318 milites
658 2273 886 2326 commearent:
909 2254 1163 2331 morcarum,

246 2382 396 2458 vergente
425 2369 487 2446 jam
520 2366 660 2449 tenedo,
690 2384 871 2458 secretoque
901 2369 960 2432 loci
990 2371 1162 2446 mollitum,
1215 2391 1216 2394 ¹

246 2483 349 2550 munia
365 2481 485 2571 imperii
501 2477 617 2550 facilius
631 2483 854 2550 tramissurumt
877 2481 1019 2550 &minui
1041 2484 1100 2554 sibi
1122 2485 1162 2546 ir-

222 2598 377 2681 .vidiam‚
398 2599 542 2688 adempta
563 2599 750 2666 salutantum
763 2600 870 2687 turba;
895 2598 1081 2687 sublatisque
1103 2599 1159 2663 im·

249 2715 353 2798 nibus,
375 2737 447 2782 vett
467 2715 608 2806 potentia
630 2737 746 2807 augete
776 2723 889 2802 (ιιι).
914 2711 1017 2810 Igitur
1048 2715 1158 2804 paulla-

248 2831 304 2895 tim
327 2831 451 2922 negotia
473 2827 589 2914 Urbis,
611 2831 717 2923 populi
740 2832 901 2914 adcursus,
931 2831 1156 2905 multitudinem

248 2943 450 3013 adfluentium
473 2949 632 3038 increpat,
654 2947 807 3014 extollens
830 2949 964 3016 laudibus
979 2943 1156 3034 quintulo

161 3051 166 3060 ’
208 3093 210 3096 v
248 3059 463 3128 solitudinem.-
486 3059 562 3148 quis
582 3063 686 3130 abesse
708 3065 801 3131 taedio
830 3062 873 3142 iss
896 3067 1100 3150 offensiones,
1124 3075 1155 3122 nc

245 3173 405 3267 ptaecipuo
425 3197 528 3243 rtrum
550 3182 682 3244 maxime
702 3183 837 3267 agitari,

307 3287 414 3357 XLII.
436 3284 487 3358 Ac
508 3287 589 3357 sorte
612 3291 712 3362 habita
734 3315 792 3384 per
812 3295 966 3384 illasdios
989 3297 1028 3364 de
1052 3291 1154 3366 Votie-

250 3423 291 3466 no
312 3401 492 3502 Montan02
518 3405 647 3482 celebris
668 3409 785 3503 ingenii
807 3411 898 3494 vito,
929 3413 1067 3506 cognitio
1088 3427 1152 3474 con-

937 3549 939 3553 ·
1023 3527 1104 3592 Ran-
