2446 3942
250 192 312 332 xiv
543 253 881 334 PRAEFATIO.

249 439 339 490 nova
363 422 399 492 ἀ
422 418 595 505 praesentia
626 417 717 492 bona·
748 419 919 492 ater-nitati
949 439 1185 514 consecraret,
1220 405 1221 456 ³

249 531 308 632 ac,
342 567 402 632 pro
427 543 515 614 virili
548 543 720 636 portione,
751 548 962 635 sequentium
984 543 1185 638 Principum

238 667 409 742 amulam
441 669 668 770 continuaret.
711 673 828 746 Nerva
859 675 951 748 enim
982 671 1093 746 Caesar
1127 697 1184 746 res
1220 763 1221 786 ἦ

247 795 330 866 olim
354 795 574 868 dissociabiles
598 799 793 890 miscuerat,
827 802 1049 890 principatum
1071 823 1110 872 ac
1137 801 1184 871 li-

179 891 182 911 '
247 922 425 992 teretem.
452 919 624 996 ruinam
646 923 838 998 feracitatem
871 925 910 999 tn·
939 927 1010 998 ares
1033 928 1183 1020 augebat

246 1046 411 1130 Traianus
434 1049 498 1139 (a);
522 1050 700 1140 additaque
725 1053 938 1126 vittoriamm
968 1053 1097 1146 gloria,
1130 1057 1181 1125 ita

244 1171 374 1260 imperii
397 1173 482 1245 fines
505 1173 710 1265 proferebat,
741 1195 781 1248 ut
804 1201 990 1268 numquam
1013 1179 1113 1250 latius
1136 1183 1181 1250 sit

242 1295 489 1380 imperitatum.
525 1295 738 1384 Uberrimam
763 1303 850 1372 hanc
875 1309 912 1376 ἀ
936 1308 1180 1378 securissimam

243 1421 422 1488 materiam·
440 1400 603 1493 senestuti
636 1445 705 1494 sun
735 1435 924 1514 reposuerat
947 1428 1088 1500 Tacitus
1111 1433 1178 1518 (b).

242 1541 389 1635 Egregia
413 1543 664 1620 consiliantem
687 1551 876 1640 importuna
900 1551 1052 1640 abrupit.
1077 1553 1178 1644 lpse,

241 1669 326 1738 dum
349 1669 516 1754 Traianus
540 1676 717 1746 Orientem
750 1679 848 1747 novis
880 1678 1026 1750 vittoriir
1047 1679 1179 1784 lustra-

240 1791 318 1883 bat,
336 1797 522 1885 (nusquam
537 1802 628 1870 enim
641 1801 804 1874 Hadriani
820 1822 968 1908 tempora
986 1810 1178 1892 memorat)

208 1903 211 1910 ’
240 1919 381 1988 vivendi
404 1919 509 1992 finem
531 1921 631 2016 fecit,
648 1939 859 2018 ‘praepropero
882 1929 953 2000 fato
977 1951 1177 2020 oppressus.

239 2037 290 2112 At
313 2043 350 2110 in
373 2039 467 2110 brevi
490 2053 691 2125 mortalitate
714 2055 875 2147 longioris
899 2055 976 2127 vitae
1000 2056 1175 2128 celebrita-

238 2179 310 2230 tem
335 2163 547 2248 impleverat:
570 2171 655 2239 civis
677 2181 841 2262 optimus,
864 2180 966 2253 literis
989 2185 1026 2254 δε
1042 2183 1174 2268 sapien-

239 2287 288 2356 tia
312 2288 416 2355 etatis
437 2310 506 2358 suae
529 2290 699 2381 princeps3
722 2297 875 2366 eamdem
889 2299 1033 2388 famam,
1058 2325 1175 2390 parem

238 2411 481 2490 auctoritatem.
494 2414 584 2502 apud
608 2431 758 2512 posteros!
777 2439 846 2492 tam
869 2423 928 2492 diu
961 2442 1174 2525 retenturus¹

237 2557 342 2622 quam
359 2537 425 2608 ·diu
450 2541 486 2612 in
509 2541 634 2630 scriptis
658 2567 728 2648 non
752 2548 858 2618 otiosa
890 2548 1071 2637 verborum
1091 2581 1170 2646 pto..

233 2659 369 2752 limas,
402 2665 460 2736 sed
484 2665 594 2738 valida
627 2691 738 2740 rerum
768 2675 1070 2770 sententiarumque
1094 2682 1169 2753 bre-

236 2788 321 2856 vitas
344 2765 505 2881 placebit3
537 2815 639 2882 quam
671 2795 729 2870 diu
760 2800 798 2871 in
830 2825 867 2873 re
899 2805 1031 2891 politica
1055 2829 1168 2880 mores

234 2902 435 3006 horninuin,
459 2939 569 2990 return
593 2941 781 3016 momenta,
814 2925 1029 3006 libertatis&
1053 2934 1163 3004 domi-
1193 2963 1195 2972 ⁴

234 3037 381 3110 nationis
405 3059 683 3142 temperamenta,
708 3051 798 3122 varia
822 3053 1084 3131 &saluberrima
1100 3083 1164 3150 pro

232 3383 279 3460 (a)
299 3393 381 3446 Tacit.
400 3395 453 3449 vit.
472 3397 555 3470 Agric.
573 3417 630 3471 cap.
651 3421 676 3466 3.
699 3418 701 3433 ¹

231 3456 275 3534 (b)
295 3465 378 3522 Tacit.
397 3470 466 3528 Hist.
486 3475 511 3540 1,
532 3492 722 3548 nuptorum
742 3478 804 3540 illud
821 3481 956 3546 consilium
974 3503 1113 3546 memorat.
