2434 3940
225 301 263 362 46
332 326 336 334 -
401 270 706 350 ANNALIUM
733 273 917 344 Ltunl.

200 436 412 526 appellarent,
436 433 575 521 versique
596 431 637 498 ad
659 429 768 496 caelum
789 451 826 494 ac
846 428 937 510 deos,
959 429 1119 521 integram
1215 413 1216 456 l

200 553 246 617 illi
267 549 420 630 subolem,
443 570 479 612 ac
495 541 691 638 superstitem
706 543 882 633 iniquorum
900 563 1119 636 precarentur.

256 667 301 736 V.
325 662 446 748 Fuere,
468 665 521 753 qui
542 663 652 754 publici
674 654 791 728 funeris
813 687 958 753 pompam
973 666 1046 752 (14)
1069 685 1120 730 re-

198 783 383 874 quirerent,
406 798 699 872 compararentque,
730 799 800 868 quae
822 781 854 845 in
876 781 1041 863 Drusum,
1064 803 1121 870 pa-

199 917 281 966 trem
304 899 502 980 Germanici,
525 898 641 961 honora
664 893 699 961 bc
722 896 882 987 magnifica
893 892 1054 988 Augustus
1071 895 1122 962 fe-

198 1017 306 1084 cisset:
330 1025 428 1106 ipsum
445 1021 567 1102 quippe,
588 1015 756 1100 asperrimo
770 1011 895 1096 hiemis,
917 1020 1054 1082 Ticinum
1067 1037 1123 1080 as·
1215 1017 1216 1024 ’

198 1156 255 1220 que
273 1151 483 1223 progressum,
507 1151 597 1217 neque
619 1125 823 1194 abscedentem
845 1154 864 1195 a
887 1146 1008 1218 corpore
1029 1129 1127 1195 simul
1215 1221 1216 1230 ἵ

198 1250 311 1316 Urbem
326 1253 516 1315 intravisse:
538 1235 734 1332 eircumfiisas
756 1245 829 1312 lello
850 1243 1041 1313 Claudiorum
1056 1247 1124 1334 Ju-

198 1366 380 1449 bonumque(
386 1366 623 1449 15)rmaginus‚
629 1359 815 1444 defletum
805 1383 836 1428 sn
852 1359 980 1449 foro,l
965 1363 1123 1428 laudatum

193 1484 403 1567 prorostris,
434 1461 537 1543 cunila
562 1502 582 1542 a
606 1473 770 1561 majoribus
792 1494 941 1566 reperta,
974 1496 1029 1543 aut
1052 1499 1124 1565 quse

194 1599 308 1682 posteri
329 1581 521 1673 inuenerint,
544 1592 713 1658 cumulata.
737 1597 782 1658 At
803 1599 983 1660 Germanico
1012 1615 1047 1660 ne
1070 1615 1124 1660 so-

198 1711 266 1776 litos
288 1711 428 1794 quidam,
457 1707 501 1781 lp
528 1713 699 1793 cuicumque
721 1709 809 1774 nobili
839 1708 953 1776 debitos
974 1705 1103 1776 bonores
1115 1761 1129 1792 ,

198 1829 379 1910 contigisse:
412 1845 485 1888 sane
506 1839 612 1911 corpus
641 1821 677 1889 ob
707 1825 950 1912 longinquitatem
979 1825 1126 1892 itinerum

200 1927 331 2006 externis
353 1941 445 2004 terris
475 1939 698 2024 quoquomodo
729 1957 896 2004 crematum
954 1939 1008 2004 sed
1035 1956 1126 2010 tanto

196 2057 288 2142 plura
309 2055 414 2120 decora
436 2075 505 2122 mox
530 2053 623 2122 tribui
649 2069 710 2140 par
726 2053 850 2142 fuisse,
880 2053 991 2141 quanto
1017 2061 1125 2143 prima

195 2169 264 2256 sors
286 2173 475 2254 negavisset:
505 2189 561 2234 non
584 2169 720 2256 fratrem
749 2179 840 2258 (16),
873 2176 931 2238 nisi
953 2175 1041 2239 unius
1062 2173 1122 2239 diei

200 2287 279 2363 uia,
300 2275 357 2346 nen
375 2298 520 2368 patruum
543 2281 651 2350 saltem
669 2283 762 2375 porta
783 2303 868 2354 tenus
891 2287 1032 2354 obuium.
1063 2286 1123 2354 Ubi

200 2397 252 2464 iila
275 2413 411 2464 ueterum
426 2401 565 2464 instituta
579 2402 672 2487 (17)?
690 2407 887 2490 praepositam
903 2419 969 2467 toro
982 2400 1127 2488 effigiem,

200 2513 347 2579 meditata
369 2514 412 2579 ad
433 2521 607 2582 memoriam
630 2520 756 2585 uirtutis
777 2516 940 2596 carmina,
955 2514 998 2590 iffi
1012 2515 1126 2583 huda-

200 2633 293 2696 tioaes
318 2637 400 2718 (rip
416 2627 457 2704 int
479 2631 647 2716 uernans,
670 2633 722 2702 vel
739 2630 847 2700 doloris
868 2635 1087 2698 imitamenta?

182 2773 208 2788 ‘⁴
258 2745 320 2816 Vl.
351 2745 493 2843 Gnarum
521 2749 551 2816 id
574 2746 705 2818 Tiberio
725 2745 811 2836 fuit;
840 2765 935 2838 utque
961 2767 1124 2838 premeret

201 2859 287 2950 vulgi
309 2879 483 2969 sermones,
506 2867 627 2934 monuit
650 2863 773 2932 editio:
805 2866 929 2932 Multos
949 2865 1122 2932 inlustrium

201 2979 404 3045 Romanorum
426 2981 462 3047 ob
486 2983 699 3071 rempublicam
722 2982 855 3066 obiisse3
886 2985 1031 3050 neminem
1055 3000 1121 3050 tam

194 3091 342 3181 flagranti
367 3093 513 3164 desiderio
542 3097 750 3166 cribratum:
778 3099 864 3184 idque
895 3095 939 3172 ἐν
969 3097 1048 3179 tibi,
1076 3095 1121 3172 li*

199 3207 312 3274 suadis
334 3212 501 3297 egregium,
532 3217 560 3278 si
583 3217 687 3282 modus
717 3215 924 3300 adjiceretur:
944 3187 1012 3282 ⁸oon
1039 3216 1120 3279 enan

198 3325 301 3388 eadem
323 3326 428 3394 deeora
447 3328 633 3416 principibus
658 3335 763 3411 viris,
792 3329 836 3404 ip
867 3324 1046 3418 imperatori
1063 3344 1120 3416 po·

194 3433 264 3518 pull
278 3444 363 3529 (19),
379 3465 446 3534 qua
461 3445 583 3515 modicis
598 3445 733 3516 domibus
740 3493 752 3531 ,
766 3462 821 3514 urst
832 3445 1029 3518 ciuitatibus:
1049 3465 1118 3513 con-
