2446 3942
367 327 699 404 PRAEFATIO.
934 335 1006 438 str-

121 483 220 564 Porrn
254 491 320 562 viri
352 489 444 561 illius
475 488 678 562 celeberrimi
702 489 809 584 glorie
840 489 882 558 ad
908 511 1001 584 seros,

73 637 213 707 nepotes
247 635 423 708 propagata
457 633 526 686 est.
561 613 663 686 Illum
694 633 864 706 parentem
896 635 996 686 suum

74 739 297 831 appellabat,
328 745 364 815 δι
389 739 432 812 ab
455 764 498 812 eo
521 742 688 842 originem
711 743 833 814 ducere
865 763 898 812 se
922 739 996 833 glo·

73 867 223 938 riabatur
248 868 301 938 M.
326 865 495 936 Claudius
521 865 668 934 Tacitus
692 865 774 954 (a),
798 869 857 956 qui
875 867 996 954 princi-

74 1010 194 1079 patum
227 991 381 1062 obtinuit
413 1012 502 1062 anno
535 989 641 1061 Urbis
671 989 815 1060 conditae
847 1015 998 1088 nxxyrrr,

74 1119 153 1206 Jesn
162 1117 298 1188 Christi
315 1137 402 1200 275:
428 1117 480 1184 vir
495 1119 630 1210 egregie
647 1133 821 1204 moratus,
845 1137 915 1183 non
932 1137 999 1184 am-

74 1241 236 1328 bitione,
261 1260 328 1308 non
351 1240 514 1328 crimine,
539 1239 596 1310 sed
621 1241 781 1332 singulari
806 1243 1002 1312 senatus&

77 1365 291 1434 exercituum
323 1385 484 1434 consensu
516 1367 659 1452 imperio
692 1365 875 1434 admotus:
909 1363 1001 1434 illius

76 1510 215 1576 capax,
244 1491 279 1562 dr
303 1491 391 1558 intra
415 1510 474 1559 sex
499 1491 631 1578 imperii
664 1493 717 1561 sui
742 1513 873 1562 menses
905 1507 1001 1562 tanta

78 1620 248 1686 virtutum
272 1614 494 1704 claritudine,
518 1633 558 1686 ut
583 1617 891 1692 laudatissimorum
906 1617 1001 1694 Prin·
1085 1686 1090 1697 ,

75 1744 191 1828 cipum
222 1740 363 1832 gloriam
389 1760 580 1832 aequasset,
613 1747 673 1832 ni,
707 1743 905 1837 urgentibus
930 1739 1005 1826 Ro-⁴

79 1889 145 1936 mar
164 1865 265 1956 fatis,
289 1869 360 1936 cito
384 1865 501 1938 fuisset
525 1870 731 1940 exstiniius.
755 1869 908 1938 Cornelii
933 1863 1006 1930 Ta·

78 1995 141 2064 citi
166 1994 350 2084 imaginem
376 1994 413 2062 in
435 1991 594 2062 omnibus
616 1987 833 2061 bibliothecis
860 1982 1008 2058 colloca-

84 2123 138 2205 ri,
160 2122 300 2204 eiusque
324 2113 448 2200 libros,
471 2114 698 2182 selectorum
722 2111 850 2182 incuria
874 2113 1005 2197 deperi-

80 2259 179 2328 rent,
203 2259 261 2324 per
285 2256 389 2306 annos
411 2233 561 2326 singulos
586 2235 696 2304 decies
721 2235 854 2324 publica
873 2238 1007 2326 impen-

80 2391 118 2438 sa
143 2369 180 2435 in
203 2362 320 2434 civicis
343 2361 491 2434 archivis
513 2359 676 2449 describi,
700 2365 736 2434 δι
762 2365 798 2435 in
822 2361 1007 2434 bibliotbe«

82 2495 131 2566 cis
157 2491 238 2580 poni
252 2489 349 2572 iussit
366 2487 445 2578 (b):
470 2487 566 2578 orbi,
590 2487 749 2562 literis&
767 2491 897 2576 parenti
914 2489 1008 2577 opti·

83 2637 141 2692 me
164 2611 399 2702 consulturus,
422 2615 451 2682 si
474 2615 567 2705 ipse,
591 2633 651 2684 aut
675 2613 776 2688 frater
799 2614 1007 2699 ejusFloria-

83 2762 179 2828 nus,
211 2735 271 2807 diu
305 2737 537 2827 imperassent.
571 2741 755 2843 Recentior
778 2743 911 2830 adhuc,
943 2764 1006 2812 nec

84 2867 174 2937 forte
213 2861 359 2934 ultimus
396 2861 593 2937 Tacitorum
630 2867 796 2962 sanguis,
837 2865 1009 2940 Polemios

85 2995 171 3081 (c),
203 2989 394 3064 Galliarum
417 2992 573 3077 praetorio
597 2996 790 3084 mlestus,
827 2995 1008 3067 nobilitate

87 3122 125 3192 ἃ
149 3115 327 3204 contina,
360 3117 456 3206 quasi
481 3117 681 3211 hereditario
706 3123 797 3214 iure,
831 3121 1009 3207 illustris,

88 3259 294 3314 memoratur
318 3239 405 3316 circa
421 3263 546 3321 annum
564 3237 667 3320 Urbis
689 3251 834 3326 conditae
842 3265 1010 3338 uccxsrrx,

108 3477 272 3626 c))'18brddonius
288 3549 455 3626 Apollinaris,
471 3551 554 3630 Epist·
573 3557 623 3624 iv‘,
645 3569 696 3701 Mb
719 3645 737 3718 3

87 3398 136 3626 ξ)
158 3403 279 3474 Vopiscus
296 3401 324 3463 in
341 3403 449 3476 Tacito,
466 3431 522 3486 cap.
543 3425 587 3471 lua

1063 2189 1071 2224 l
