2432 3940
235 335 295 376 122
447 295 760 375 ANNALIUM
789 297 889 370 Llu.
911 300 954 368 11.

231 455 279 528 llo
301 456 362 537 jam
384 443 601 536 Maroboduo,
624 473 719 542 usque
740 453 775 519 in
796 451 926 518 exitium
938 450 1153 524 insistereturl

230 573 309 645 Erat
328 573 414 640 inter
436 570 604 638 Gothones
627 569 736 638 nobilis
764 568 911 652 juvenis,
940 569 1066 636 nornine
1089 567 1152 636 Ca-

231 689 365 772 tualda,
385 685 535 783 profugus
557 687 632 752 olim
655 686 685 752 vi
707 685 915 766 Marobodui,
937 683 973 752 dc
988 701 1085 768 tunc,
1100 687 1153 754 du·
1205 749 1206 774 3

231 807 288 876 biis
312 807 402 874 rebus
423 809 506 889 ejus,
527 805 678 871 ultionem
702 825 806 870 ausus.
828 802 859 870 Is
881 802 980 870 valida
1003 825 1098 870 manu
1122 802 1153 869 fi-

233 945 287 992 nes
308 923 604 991 Marcomannorum
634 920 827 1013 ingreditur,
856 919 1070 1008 corruptisque
1096 919 1155 1008 psi-

233 1041 369 1108 moribus
391 1041 428 1106 sd
449 1039 650 1119 societatem,
674 1037 825 1125 inrumpit
845 1036 963 1126 regiain
978 1043 1095 1122 (170),
1111 1057 1156 1100 ca-

235 1157 425 1246 stellumque
445 1159 530 1239 juxta
554 1155 661 1220 situm:
686 1169 809 1250 soteres
823 1151 1067 1219 illicSuevorum
1076 1172 1158 1242 prae-

233 1273 302 1354 dae,
333 1271 368 1340 dc
389 1271 502 1338 nostris
532 1269 737 1358 eprovinciis
763 1269 857 1349 liuae,
885 1291 921 1334 ac
951 1267 1159 1361 negotiatores
1206 1283 1207 1348 l

236 1386 375 1475 reperti,
399 1406 474 1475 quos
497 1387 542 1464 jus
565 1385 761 1466 commercii,
792 1385 863 1450 dein
892 1385 1003 1475 cupido
1024 1384 1158 1476 augendi

236 1499 419 1590 pecuniam,
443 1517 634 1589 postremum
657 1500 770 1566 oblivio
785 1501 915 1590 patriae,
936 1503 1161 1591 suisquemque

236 1617 273 1684 ab
296 1617 416 1686 sedibus
436 1615 581 1684 hostilem
602 1615 635 1680 in
658 1638 769 1706 agrum
791 1618 971 1686 transtulit.

301 1728 430 1801 LXIII.
460 1712 658 1798 Maroboduo
679 1732 814 1821 undique
837 1734 963 1800 deserto
993 1753 1057 1800 non
1079 1729 1161 1798 aliud

193 2021 200 2029 .
242 1987 362 2058 gressus
384 1962 582 2046 Danubium,
612 1987 672 2054 qua
695 1963 842 2034 Noricam
871 1965 1062 2056 provinciam
1082 1985 1162 2058 prae-

241 2084 341 2162 fluit,
370 2081 491 2167 scripsit
514 2076 662 2164 Tiberio,
690 2105 756 2149 non
786 2099 821 2148 ut
843 2079 990 2175 profugus
1016 2099 1070 2150 aut
1093 2105 1161 2171 sup·

242 2197 335 2283 plex,
357 2192 409 2260 sed
432 2214 472 2258 ex
492 2196 641 2258 memoria
662 2197 774 2282 prioris
787 2195 946 2264 fortunae.
971 2203 1059 2268 Nam
1085 2197 1162 2266 mul-

239 2311 289 2376 tis
310 2303 507 2388 nationibus,
527 2307 745 2383 clarissimum
765 2315 919 2396 quondam
940 2337 1043 2402 regem
1071 2317 1163 2384 adse

241 2421 446 2502 uocantibus,
471 2426 640 2488 Romanam
661 2427 832 2490 amicitiam
851 2429 1052 2514 praerulisse.
1085 2431 1161 2500 Res·

246 2560 414 2632 ponsum·a
436 2535 581 2620 Caesarc,
612 2555 712 2608 tutam
742 2544 770 2607 ei
797 2539 1045 2637 honoratamque
1067 2548 1161 2614 sedeo

246 2661 278 2724 in
299 2656 394 2725 stalla
411 2651 510 2744 sore,
539 2657 570 2720 sl
593 2673 752 2726 maneret:
780 2661 835 2725 sin
865 2660 958 2728 rebus
985 2666 1054 2747 ejus
1083 2661 1163 2730 aliud

245 2773 444 2853 conduceret,
464 2772 625 2840 abiturum
641 2771 728 2856 fide,
750 2799 813 2862 qua
833 2783 989 2846 uenisset.
1011 2777 1160 2848 Ceterum

246 2885 325 2976 apud
347 2906 491 2956 senatum
513 2888 674 2973 disseruit,
698 2871 758 2960 nou
785 2892 962 2984 Philippum
970 2895 1161 2964 Athenr‘ensi-

247 3005 323 3084 bus,
353 3025 414 3070 non
444 3003 627 3088 Pyrrhum,
654 3025 711 3074 aut
732 3008 943 3092 Antiochum,
970 3013 1084 3101 populo
1108 3017 1160 3080 Ro-

247 3139 338 3188 mano
355 3121 488 3214 perinde
508 3125 685 3190 metuendos
701 3124 817 3211 fuisse.
840 3127 951 3195 Eustot
974 3128 1094 3210 oratio,
1110 3148 1161 3216 qua

249 3233 488 3321 magnitudinem
510 3241 603 3318 viri,
629 3241 810 3308 uiolentiam
838 3250 933 3330 (171)
957 3241 1161 3331 subjellarun

245 3353 445 3434 rigentium,
467 3349 511 3428 l?
532 3375 625 3440 quam
642 3360 1081 3445 propinqsucltalr‘aehostr‘s,
1096 3379 1161 3426 sun·

246 3483 308 3547 que
329 3465 362 3532 in
383 3467 567 3558 destruendo
590 3492 624 3538 eo
647 3473 778 3544 consilia
799 3477 938 3564 extulit..
963 3479 1006 3548 Et
1021 3477 1162 3547 Marobo-

59 1939 62 1948 .
163 1920 166 1925 ,
238 1849 422 1929 subsidium,
446 1868 538 1937 quam
559 1824 768 1914 misdricordia
793 1844 927 1914 Caesaris
951 1844 1027 1917 fuit:
1063 1865 1161 1916 trous·
1207 1881 1208 1900 i
