<?xml version="1.0" encoding="UTF-8"?>
<!DOCTYPE html PUBLIC "-//W3C//DTD XHTML 1.0 Transitional//EN"
    "http://www.w3.org/TR/xhtml1/DTD/xhtml1-transitional.dtd">
<html xmlns="http://www.w3.org/1999/xhtml" xml:lang="en" lang="en">
 <head>
  <title>
</title>
<meta http-equiv="Content-Type" content="text/html;charset=utf-8" />
  <meta name='ocr-system' content='tesseract 3.04.00' />
  <meta name='ocr-capabilities' content='ocr_page ocr_carea ocr_par ocr_line ocrx_word'/>
</head>
<body>
  <div class='ocr_page' id='page_1' title='image "./ccorneliitaciti00brotgoog_0026.png"; bbox 0 0 2446 3942; ppageno 0'>
   <div class='ocr_carea' id='block_1_1' title="bbox 403 229 1030 338">
    <p class='ocr_par' dir='ltr' id='par_1_1' title="bbox 403 229 1030 338">
     <span class='ocr_line' id='line_1_1' title="bbox 403 229 1030 338; baseline -0.006 0"><span class='ocrx_word' id='word_1_1' title='bbox 403 261 735 338; x_wconf 78' lang='lat' dir='ltr'>PRAEFATm.</span> <span class='ocrx_word' id='word_1_2' title='bbox 957 229 1030 334; x_wconf 77' lang='lat' dir='ltr'>x&#39;vrr</span> 
     </span>
    </p>
   </div>
   <div class='ocr_carea' id='block_1_2' title="bbox 107 361 1046 517">
    <p class='ocr_par' dir='ltr' id='par_1_2' title="bbox 107 361 1046 517">
     <span class='ocr_line' id='line_1_2' title="bbox 1038 361 1046 396; baseline 0 0"><span class='ocrx_word' id='word_1_3' title='bbox 1038 361 1046 396; x_wconf 85' lang='lat' dir='ltr'>l</span> 
     </span>
     <span class='ocr_line' id='line_1_3' title="bbox 107 419 1031 517; baseline -0.013 -14"><span class='ocrx_word' id='word_1_4' title='bbox 107 427 383 517; x_wconf 48' lang='lat' dir='ltr'>criminationem</span> <span class='ocrx_word' id='word_1_5' title='bbox 408 445 477 506; x_wconf 83' lang='lat' dir='ltr'>non</span> <span class='ocrx_word' id='word_1_6' title='bbox 502 427 643 495; x_wconf 82' lang='lat' dir='ltr'><strong>editoris</strong></span> <span class='ocrx_word' id='word_1_7' title='bbox 669 421 819 508; x_wconf 67' lang='lat' dir='ltr'>adfeiiu,</span> <span class='ocrx_word' id='word_1_8' title='bbox 847 419 910 494; x_wconf 81' lang='lat' dir='ltr'>sed,</span> <span class='ocrx_word' id='word_1_9' title='bbox 930 421 1031 491; x_wconf 73' lang='lat' dir='ltr'>duur</span> 
     </span>
    </p>
   </div>
   <div class='ocr_carea' id='block_1_3' title="bbox 77 547 1125 3382">
    <p class='ocr_par' dir='ltr' id='par_1_3' title="bbox 77 547 1125 3382">
     <span class='ocr_line' id='line_1_4' title="bbox 110 547 1030 643; baseline -0.012 -16"><span class='ocrx_word' id='word_1_10' title='bbox 110 560 285 643; x_wconf 87' lang='lat' dir='ltr'>veritatis,</span> <span class='ocrx_word' id='word_1_11' title='bbox 319 554 523 640; x_wconf 84' lang='lat' dir='ltr'>expendam.</span> <span class='ocrx_word' id='word_1_12' title='bbox 561 553 674 620; x_wconf 90' lang='lat' dir='ltr'>Nemo</span> <span class='ocrx_word' id='word_1_13' title='bbox 699 553 790 620; x_wconf 85' lang='lat' dir='ltr'>enim</span> <span class='ocrx_word' id='word_1_14' title='bbox 816 549 889 616; x_wconf 87' lang='lat' dir='ltr'>sine</span> <span class='ocrx_word' id='word_1_15' title='bbox 913 547 1030 618; x_wconf 82' lang='lat' dir='ltr'>adver-</span> 
     </span>
     <span class='ocr_line' id='line_1_5' title="bbox 109 653 1030 772; baseline -0.009 -22"><span class='ocrx_word' id='word_1_16' title='bbox 109 674 206 750; x_wconf 86' lang='lat' dir='ltr'>sariis</span> <span class='ocrx_word' id='word_1_17' title='bbox 231 703 391 772; x_wconf 89' lang='lat' dir='ltr'>magnum</span> <span class='ocrx_word' id='word_1_18' title='bbox 416 701 539 750; x_wconf 90' lang='lat' dir='ltr'>nomen</span> <span class='ocrx_word' id='word_1_19' title='bbox 565 673 735 764; x_wconf 84' lang='lat' dir='ltr'>obtinuit3</span> <span class='ocrx_word' id='word_1_20' title='bbox 761 653 950 762; x_wconf 78' lang='lat' dir='ltr'>&amp;quanto</span> <span class='ocrx_word' id='word_1_21' title='bbox 975 695 1030 742; x_wconf 88' lang='lat' dir='ltr'>ce-</span> 
     </span>
     <span class='ocr_line' id='line_1_6' title="bbox 107 797 1079 891; baseline -0.008 -17"><span class='ocrx_word' id='word_1_22' title='bbox 107 805 268 876; x_wconf 87' lang='lat' dir='ltr'>lebratior</span> <span class='ocrx_word' id='word_1_23' title='bbox 292 807 408 874; x_wconf 85' lang='lat' dir='ltr'>Taciti</span> <span class='ocrx_word' id='word_1_24' title='bbox 435 803 545 891; x_wconf 89' lang='lat' dir='ltr'>fama,</span> <span class='ocrx_word' id='word_1_25' title='bbox 572 818 670 869; x_wconf 88' lang='lat' dir='ltr'>tanto</span> <span class='ocrx_word' id='word_1_26' title='bbox 694 797 901 890; x_wconf 85' lang='lat' dir='ltr'>gravioribus</span> <span class='ocrx_word' id='word_1_27' title='bbox 917 801 1029 886; x_wconf 88' lang='lat' dir='ltr'>patuit</span> <span class='ocrx_word' id='word_1_28' title='bbox 1073 831 1079 841; x_wconf 83' lang='lat'><em>-</em></span> 
     </span>
     <span class='ocr_line' id='line_1_7' title="bbox 107 925 1098 1014; baseline -0.008 -13"><span class='ocrx_word' id='word_1_29' title='bbox 107 929 393 1002; x_wconf 82' lang='lat' dir='ltr'>accusationibus.</span> <span class='ocrx_word' id='word_1_30' title='bbox 421 927 473 996; x_wconf 83' lang='lat' dir='ltr'>Ac</span> <span class='ocrx_word' id='word_1_31' title='bbox 498 931 605 1014; x_wconf 89' lang='lat' dir='ltr'>primo</span> <span class='ocrx_word' id='word_1_32' title='bbox 630 925 766 1012; x_wconf 86' lang='lat' dir='ltr'>quidem</span> <span class='ocrx_word' id='word_1_33' title='bbox 789 925 1029 1013; x_wconf 84' lang='lat' dir='ltr'>criminantur,</span> <span class='ocrx_word' id='word_1_34' title='bbox 1088 961 1098 966; x_wconf 91' lang='lat'>-</span> 
     </span>
     <span class='ocr_line' id='line_1_8' title="bbox 105 1029 1027 1154; baseline -0.008 -25"><span class='ocrx_word' id='word_1_35' title='bbox 105 1059 296 1149; x_wconf 85' lang='lat' dir='ltr'>malignum</span> <span class='ocrx_word' id='word_1_36' title='bbox 321 1073 401 1120; x_wconf 91' lang='lat' dir='ltr'>eum</span> <span class='ocrx_word' id='word_1_37' title='bbox 425 1050 525 1121; x_wconf 84' lang='lat' dir='ltr'>luisse</span> <span class='ocrx_word' id='word_1_38' title='bbox 548 1056 584 1124; x_wconf 77' lang='lat' dir='ltr'>dt</span> <span class='ocrx_word' id='word_1_39' title='bbox 608 1043 856 1154; x_wconf 58' lang='lat' dir='ltr'>praeripiam,</span> <span class='ocrx_word' id='word_1_40' title='bbox 881 1029 939 1138; x_wconf 80' lang='lat' dir='ltr'>qui</span> <span class='ocrx_word' id='word_1_41' title='bbox 956 1075 1027 1122; x_wconf 87' lang='lat' dir='ltr'>om·</span> 
     </span>
     <span class='ocr_line' id='line_1_9' title="bbox 105 1175 1028 1262; baseline -0.007 -10"><span class='ocrx_word' id='word_1_42' title='bbox 105 1185 164 1252; x_wconf 90' lang='lat' dir='ltr'>nia</span> <span class='ocrx_word' id='word_1_43' title='bbox 190 1181 246 1246; x_wconf 85' lang='lat' dir='ltr'>vel</span> <span class='ocrx_word' id='word_1_44' title='bbox 271 1175 512 1262; x_wconf 85' lang='lat' dir='ltr'>suspicionibus</span> <span class='ocrx_word' id='word_1_45' title='bbox 537 1176 761 1262; x_wconf 81' lang='lat' dir='ltr'>adulteraret,</span> <span class='ocrx_word' id='word_1_46' title='bbox 797 1177 851 1246; x_wconf 88' lang='lat' dir='ltr'>vel</span> <span class='ocrx_word' id='word_1_47' title='bbox 878 1178 914 1242; x_wconf 91' lang='lat' dir='ltr'>in</span> <span class='ocrx_word' id='word_1_48' title='bbox 938 1176 1028 1245; x_wconf 86' lang='lat' dir='ltr'>dete-</span> 
     </span>
     <span class='ocr_line' id='line_1_10' title="bbox 106 1300 1030 1390; baseline -0.003 -14"><span class='ocrx_word' id='word_1_49' title='bbox 106 1310 233 1376; x_wconf 83' lang='lat' dir='ltr'>riorem</span> <span class='ocrx_word' id='word_1_50' title='bbox 257 1321 382 1387; x_wconf 88' lang='lat' dir='ltr'>partem</span> <span class='ocrx_word' id='word_1_51' title='bbox 407 1303 566 1372; x_wconf 78' lang='lat' dir='ltr'>traheret.</span> <span class='ocrx_word' id='word_1_52' title='bbox 602 1303 688 1370; x_wconf 82' lang='lat' dir='ltr'>Hac</span> <span class='ocrx_word' id='word_1_53' title='bbox 711 1321 802 1371; x_wconf 92' lang='lat' dir='ltr'>certe</span> <span class='ocrx_word' id='word_1_54' title='bbox 827 1300 968 1390; x_wconf 85' lang='lat' dir='ltr'>maligni</span> <span class='ocrx_word' id='word_1_55' title='bbox 994 1305 1030 1373; x_wconf 76' lang='grc' dir='ltr'>δε</span> 
     </span>
     <span class='ocr_line' id='line_1_11' title="bbox 106 1425 1029 1518; baseline 0.001 -23"><span class='ocrx_word' id='word_1_56' title='bbox 106 1426 248 1518; x_wconf 72' lang='lat' dir='ltr'>improbi</span> <span class='ocrx_word' id='word_1_57' title='bbox 280 1444 359 1494; x_wconf 85' lang='lat' dir='ltr'>sunt</span> <span class='ocrx_word' id='word_1_58' title='bbox 392 1425 569 1514; x_wconf 88' lang='lat' dir='ltr'>hominis,</span> <span class='ocrx_word' id='word_1_59' title='bbox 604 1426 738 1514; x_wconf 86' lang='lat' dir='ltr'>qualem</span> <span class='ocrx_word' id='word_1_60' title='bbox 771 1449 872 1501; x_wconf 88' lang='lat' dir='ltr'>nemo</span> <span class='ocrx_word' id='word_1_61' title='bbox 902 1427 1029 1496; x_wconf 83' lang='lat' dir='ltr'>dixerit</span> 
     </span>
     <span class='ocr_line' id='line_1_12' title="bbox 105 1545 1028 1646; baseline -0.007 -22"><span class='ocrx_word' id='word_1_62' title='bbox 105 1555 290 1640; x_wconf 89' lang='lat' dir='ltr'>Tacitum,</span> <span class='ocrx_word' id='word_1_63' title='bbox 322 1552 382 1638; x_wconf 90' lang='lat' dir='ltr'>qui</span> <span class='ocrx_word' id='word_1_64' title='bbox 407 1552 582 1620; x_wconf 88' lang='lat' dir='ltr'>sceleratos</span> <span class='ocrx_word' id='word_1_65' title='bbox 606 1556 727 1639; x_wconf 86' lang='lat' dir='ltr'>passim</span> <span class='ocrx_word' id='word_1_66' title='bbox 751 1545 901 1646; x_wconf 74' lang='lat' dir='ltr'>arguit,¹</span> <span class='ocrx_word' id='word_1_67' title='bbox 919 1553 1028 1620; x_wconf 83' lang='lat' dir='ltr'>virtu-</span> 
     </span>
     <span class='ocr_line' id='line_1_13' title="bbox 106 1677 1028 1766; baseline 0.001 -21"><span class='ocrx_word' id='word_1_68' title='bbox 106 1697 178 1746; x_wconf 92' lang='lat' dir='ltr'>tem</span> <span class='ocrx_word' id='word_1_69' title='bbox 209 1677 340 1745; x_wconf 88' lang='lat' dir='ltr'>meritis</span> <span class='ocrx_word' id='word_1_70' title='bbox 373 1677 527 1746; x_wconf 89' lang='lat' dir='ltr'>laudibus</span> <span class='ocrx_word' id='word_1_71' title='bbox 560 1699 688 1766; x_wconf 90' lang='lat' dir='ltr'>semper</span> <span class='ocrx_word' id='word_1_72' title='bbox 711 1681 867 1766; x_wconf 85' lang='lat' dir='ltr'>extulit,</span> <span class='ocrx_word' id='word_1_73' title='bbox 901 1679 1028 1748; x_wconf 88' lang='lat' dir='ltr'>amicos</span> 
     </span>
     <span class='ocr_line' id='line_1_14' title="bbox 104 1777 1028 1894; baseline 0 -22"><span class='ocrx_word' id='word_1_74' title='bbox 104 1823 175 1872; x_wconf 92' lang='lat' dir='ltr'>non</span> <span class='ocrx_word' id='word_1_75' title='bbox 200 1777 319 1869; x_wconf 87' lang='lat' dir='ltr'>babuit</span> <span class='ocrx_word' id='word_1_76' title='bbox 345 1803 409 1868; x_wconf 87' lang='lat' dir='ltr'>nisi</span> <span class='ocrx_word' id='word_1_77' title='bbox 434 1805 604 1891; x_wconf 89' lang='lat' dir='ltr'>optimos,</span> <span class='ocrx_word' id='word_1_78' title='bbox 639 1807 810 1892; x_wconf 82' lang='lat' dir='ltr'>ipsamque</span> <span class='ocrx_word' id='word_1_79' title='bbox 835 1803 1028 1894; x_wconf 87' lang='lat' dir='ltr'>malignita-</span> 
     </span>
     <span class='ocr_line' id='line_1_15' title="bbox 105 1923 1030 2015; baseline -0.004 -21"><span class='ocrx_word' id='word_1_80' title='bbox 105 1945 206 2015; x_wconf 82' lang='lat' dir='ltr'>tem,</span> <span class='ocrx_word' id='word_1_81' title='bbox 239 1925 319 1994; x_wconf 88' lang='lat' dir='ltr'>falsa</span> <span class='ocrx_word' id='word_1_82' title='bbox 352 1923 516 1996; x_wconf 80' lang='lat' dir='ltr'>libertatis</span> <span class='ocrx_word' id='word_1_83' title='bbox 550 1931 658 2014; x_wconf 87' lang='lat' dir='ltr'>specie</span> <span class='ocrx_word' id='word_1_84' title='bbox 684 1929 912 2009; x_wconf 86' lang='lat' dir='ltr'>illudentem,</span> <span class='ocrx_word' id='word_1_85' title='bbox 945 1946 1030 2010; x_wconf 75' lang='lat' dir='ltr'>sape</span> 
     </span>
     <span class='ocr_line' id='line_1_16' title="bbox 104 2045 1125 2144; baseline -0.003 -25"><span class='ocrx_word' id='word_1_86' title='bbox 104 2053 286 2137; x_wconf 83' lang='lat' dir='ltr'>corripuit.</span> <span class='ocrx_word' id='word_1_87' title='bbox 322 2053 371 2117; x_wconf 89' lang='lat' dir='ltr'>At</span> <span class='ocrx_word' id='word_1_88' title='bbox 398 2053 633 2136; x_wconf 77' lang='lat' dir='ltr'>suspiciones,</span> <span class='ocrx_word' id='word_1_89' title='bbox 665 2045 868 2127; x_wconf 74' lang='lat' dir='ltr'>coniediuras</span> <span class='ocrx_word' id='word_1_90' title='bbox 892 2049 1028 2117; x_wconf 85' lang='lat' dir='ltr'>interse-</span> <span class='ocrx_word' id='word_1_91' title='bbox 1120 2137 1125 2144; x_wconf 25' lang='grc' dir='ltr'>ι</span> 
     </span>
     <span class='ocr_line' id='line_1_17' title="bbox 106 2169 1028 2260; baseline -0.004 -18"><span class='ocrx_word' id='word_1_92' title='bbox 106 2179 171 2242; x_wconf 83' lang='lat' dir='ltr'>rit.</span> <span class='ocrx_word' id='word_1_93' title='bbox 196 2175 320 2240; x_wconf 84' lang='lat' dir='ltr'>Fateor</span> <span class='ocrx_word' id='word_1_94' title='bbox 338 2170 510 2255; x_wconf 78' lang='lat' dir='ltr'>equidem:</span> <span class='ocrx_word' id='word_1_95' title='bbox 536 2171 592 2236; x_wconf 89' lang='lat' dir='ltr'>scd</span> <span class='ocrx_word' id='word_1_96' title='bbox 608 2191 664 2238; x_wconf 89' lang='lat' dir='ltr'>eas</span> <span class='ocrx_word' id='word_1_97' title='bbox 679 2169 868 2260; x_wconf 87' lang='lat' dir='ltr'>legitimas,</span> <span class='ocrx_word' id='word_1_98' title='bbox 884 2173 920 2244; x_wconf 70' lang='grc' dir='ltr'>ἀ</span> <span class='ocrx_word' id='word_1_99' title='bbox 937 2172 1028 2258; x_wconf 90' lang='lat' dir='ltr'>quod</span> 
     </span>
     <span class='ocr_line' id='line_1_18' title="bbox 103 2291 1028 2382; baseline -0.002 -15"><span class='ocrx_word' id='word_1_100' title='bbox 103 2301 143 2367; x_wconf 84' lang='lat' dir='ltr'>in</span> <span class='ocrx_word' id='word_1_101' title='bbox 176 2309 329 2364; x_wconf 84' lang='lat' dir='ltr'>veterum</span> <span class='ocrx_word' id='word_1_102' title='bbox 355 2291 535 2380; x_wconf 90' lang='lat' dir='ltr'>librorum,</span> <span class='ocrx_word' id='word_1_103' title='bbox 569 2317 645 2382; x_wconf 85' lang='lat' dir='ltr'>quae</span> <span class='ocrx_word' id='word_1_104' title='bbox 669 2314 830 2382; x_wconf 85' lang='lat' dir='ltr'>superat,</span> <span class='ocrx_word' id='word_1_105' title='bbox 856 2297 1028 2381; x_wconf 87' lang='lat' dir='ltr'>paucitate</span> 
     </span>
     <span class='ocr_line' id='line_1_19' title="bbox 106 2419 1029 2520; baseline -0.005 -31"><span class='ocrx_word' id='word_1_106' title='bbox 106 2443 239 2508; x_wconf 90' lang='lat' dir='ltr'>prorsus</span> <span class='ocrx_word' id='word_1_107' title='bbox 270 2423 394 2488; x_wconf 91' lang='lat' dir='ltr'>mirum</span> <span class='ocrx_word' id='word_1_108' title='bbox 425 2433 498 2506; x_wconf 79' lang='lat' dir='ltr'>est&#39;,</span> <span class='ocrx_word' id='word_1_109' title='bbox 532 2419 675 2488; x_wconf 90' lang='lat' dir='ltr'>aliorum</span> <span class='ocrx_word' id='word_1_110' title='bbox 708 2423 906 2507; x_wconf 87' lang='lat' dir='ltr'>scriptorum</span> <span class='ocrx_word' id='word_1_111' title='bbox 931 2423 1029 2520; x_wconf 76' lang='lat' dir='ltr'>testi.</span> 
     </span>
     <span class='ocr_line' id='line_1_20' title="bbox 102 2544 1027 2633; baseline 0.001 -18"><span class='ocrx_word' id='word_1_112' title='bbox 102 2549 256 2631; x_wconf 86' lang='lat' dir='ltr'>monio,</span> <span class='ocrx_word' id='word_1_113' title='bbox 285 2563 344 2613; x_wconf 89' lang='lat' dir='ltr'>aut</span> <span class='ocrx_word' id='word_1_114' title='bbox 370 2547 514 2630; x_wconf 78' lang='lat' dir='ltr'>ipsarum</span> <span class='ocrx_word' id='word_1_115' title='bbox 539 2566 648 2615; x_wconf 88' lang='lat' dir='ltr'>rerum</span> <span class='ocrx_word' id='word_1_116' title='bbox 681 2562 802 2614; x_wconf 89' lang='lat' dir='ltr'>natura</span> <span class='ocrx_word' id='word_1_117' title='bbox 833 2544 1027 2633; x_wconf 82' lang='lat' dir='ltr'>comproba-</span> 
     </span>
     <span class='ocr_line' id='line_1_21' title="bbox 105 2669 1026 2766; baseline 0.002 -28"><span class='ocrx_word' id='word_1_118' title='bbox 105 2689 177 2738; x_wconf 88' lang='lat' dir='ltr'>tas.</span> <span class='ocrx_word' id='word_1_119' title='bbox 204 2669 326 2744; x_wconf 86' lang='lat' dir='ltr'>Nullas</span> <span class='ocrx_word' id='word_1_120' title='bbox 350 2673 386 2737; x_wconf 92' lang='lat' dir='ltr'>in</span> <span class='ocrx_word' id='word_1_121' title='bbox 411 2671 552 2766; x_wconf 86' lang='lat' dir='ltr'>historia</span> <span class='ocrx_word' id='word_1_122' title='bbox 577 2691 753 2757; x_wconf 89' lang='lat' dir='ltr'>usurpare,</span> <span class='ocrx_word' id='word_1_123' title='bbox 781 2669 833 2740; x_wconf 89' lang='lat' dir='ltr'>vel</span> <span class='ocrx_word' id='word_1_124' title='bbox 859 2673 1026 2756; x_wconf 86' lang='lat' dir='ltr'>ineptissi-</span> 
     </span>
     <span class='ocr_line' id='line_1_22' title="bbox 103 2793 1121 2882; baseline 0.005 -17"><span class='ocrx_word' id='word_1_125' title='bbox 103 2798 177 2882; x_wconf 90' lang='lat' dir='ltr'>mi,</span> <span class='ocrx_word' id='word_1_126' title='bbox 205 2793 261 2862; x_wconf 85' lang='lat' dir='ltr'>vel</span> <span class='ocrx_word' id='word_1_127' title='bbox 285 2793 496 2866; x_wconf 87' lang='lat' dir='ltr'>audacissimi</span> <span class='ocrx_word' id='word_1_128' title='bbox 522 2797 720 2865; x_wconf 85' lang='lat' dir='ltr'>mortalium</span> <span class='ocrx_word' id='word_1_129' title='bbox 731 2796 834 2866; x_wconf 88' lang='lat' dir='ltr'>foret.</span> <span class='ocrx_word' id='word_1_130' title='bbox 860 2793 1025 2868; x_wconf 76' lang='lat' dir='ltr'>Crimina·</span> <span class='ocrx_word' id='word_1_131' title='bbox 1116 2848 1121 2870; x_wconf 75' lang='lat'>.</span> 
     </span>
     <span class='ocr_line' id='line_1_23' title="bbox 104 2917 1027 3013; baseline 0.007 -23"><span class='ocrx_word' id='word_1_132' title='bbox 104 2923 212 2990; x_wconf 90' lang='lat' dir='ltr'>tionis</span> <span class='ocrx_word' id='word_1_133' title='bbox 244 2941 359 2988; x_wconf 86' lang='lat' dir='ltr'>causas</span> <span class='ocrx_word' id='word_1_134' title='bbox 383 2920 559 3004; x_wconf 77' lang='lat' dir='ltr'>aperiam.</span> <span class='ocrx_word' id='word_1_135' title='bbox 581 2917 730 3008; x_wconf 83' lang='lat' dir='ltr'>Qridam</span> <span class='ocrx_word' id='word_1_136' title='bbox 760 2942 965 3013; x_wconf 86' lang='lat' dir='ltr'>corruptores</span> <span class='ocrx_word' id='word_1_137' title='bbox 989 2927 1027 2996; x_wconf 73' lang='grc' dir='ltr'>δε</span> 
     </span>
     <span class='ocr_line' id='line_1_24' title="bbox 77 3044 1026 3134; baseline 0.001 -19"><span class='ocrx_word' id='word_1_138' title='bbox 77 3099 80 3104; x_wconf 85' lang='grc'>-</span> <span class='ocrx_word' id='word_1_139' title='bbox 103 3047 253 3131; x_wconf 82' lang='lat' dir='ltr'>corrupti</span> <span class='ocrx_word' id='word_1_140' title='bbox 269 3045 444 3128; x_wconf 77' lang='lat' dir='ltr'>&#39;Taciturn</span> <span class='ocrx_word' id='word_1_141' title='bbox 468 3044 632 3132; x_wconf 89' lang='lat' dir='ltr'>oderunt,</span> <span class='ocrx_word' id='word_1_142' title='bbox 657 3046 747 3134; x_wconf 79' lang='lat' dir='ltr'>quod</span> <span class='ocrx_word' id='word_1_143' title='bbox 772 3066 887 3116; x_wconf 90' lang='lat' dir='ltr'>eorum</span> <span class='ocrx_word' id='word_1_144' title='bbox 911 3069 1026 3117; x_wconf 87' lang='lat' dir='ltr'>arcana</span> 
     </span>
     <span class='ocr_line' id='line_1_25' title="bbox 105 3171 1026 3257; baseline -0.004 -16"><span class='ocrx_word' id='word_1_145' title='bbox 105 3173 308 3257; x_wconf 87' lang='lat' dir='ltr'>nudaverit,</span> <span class='ocrx_word' id='word_1_146' title='bbox 334 3191 450 3240; x_wconf 88' lang='lat' dir='ltr'>eorum</span> <span class='ocrx_word' id='word_1_147' title='bbox 475 3171 562 3240; x_wconf 85' lang='lat' dir='ltr'>vitia</span> <span class='ocrx_word' id='word_1_148' title='bbox 585 3188 762 3257; x_wconf 90' lang='lat' dir='ltr'>perpetuus</span> <span class='ocrx_word' id='word_1_149' title='bbox 777 3195 892 3244; x_wconf 87' lang='lat' dir='ltr'>censor</span> <span class='ocrx_word' id='word_1_150' title='bbox 907 3192 1026 3256; x_wconf 78' lang='lat' dir='ltr'>expro-</span> 
     </span>
     <span class='ocr_line' id='line_1_26' title="bbox 106 3292 1024 3382; baseline 0.004 -18"><span class='ocrx_word' id='word_1_151' title='bbox 106 3293 203 3364; x_wconf 87' lang='lat' dir='ltr'>bret.</span> <span class='ocrx_word' id='word_1_152' title='bbox 237 3294 290 3364; x_wconf 91' lang='lat' dir='ltr'>Ut</span> <span class='ocrx_word' id='word_1_153' title='bbox 316 3292 378 3362; x_wconf 88' lang='lat' dir='ltr'>sibi</span> <span class='ocrx_word' id='word_1_154' title='bbox 412 3293 553 3382; x_wconf 87' lang='lat' dir='ltr'>aliisque</span> <span class='ocrx_word' id='word_1_155' title='bbox 577 3293 691 3366; x_wconf 76' lang='lat' dir='ltr'>fiscum</span> <span class='ocrx_word' id='word_1_156' title='bbox 716 3297 866 3382; x_wconf 88' lang='lat' dir='ltr'>faciant,</span> <span class='ocrx_word' id='word_1_157' title='bbox 899 3293 1024 3368; x_wconf 79' lang='lat' dir='ltr'>calum-</span> 
     </span>
    </p>
   </div>
   <div class='ocr_carea' id='block_1_4' title="bbox 106 3414 1024 3606">
    <p class='ocr_par' dir='ltr' id='par_1_4' title="bbox 106 3414 1024 3606">
     <span class='ocr_line' id='line_1_27' title="bbox 106 3414 1024 3510; baseline 0 -21"><span class='ocrx_word' id='word_1_158' title='bbox 106 3420 201 3489; x_wconf 86' lang='lat' dir='ltr'>niam</span> <span class='ocrx_word' id='word_1_159' title='bbox 224 3420 309 3490; x_wconf 89' lang='lat' dir='ltr'>hanc</span> <span class='ocrx_word' id='word_1_160' title='bbox 326 3423 500 3510; x_wconf 83' lang='lat' dir='ltr'>ingerunt.</span> <span class='ocrx_word' id='word_1_161' title='bbox 528 3414 576 3488; x_wconf 85' lang='lat' dir='ltr'>At</span> <span class='ocrx_word' id='word_1_162' title='bbox 593 3423 689 3508; x_wconf 89' lang='lat' dir='ltr'>quis,</span> <span class='ocrx_word' id='word_1_163' title='bbox 715 3422 780 3488; x_wconf 86' lang='lat' dir='ltr'>nisi</span> <span class='ocrx_word' id='word_1_164' title='bbox 796 3419 885 3506; x_wconf 87' lang='lat' dir='ltr'>prius</span> <span class='ocrx_word' id='word_1_165' title='bbox 906 3419 937 3486; x_wconf 90' lang='lat' dir='ltr'>ei</span> <span class='ocrx_word' id='word_1_166' title='bbox 954 3419 1024 3488; x_wconf 86' lang='lat' dir='ltr'>fue-</span> 
     </span>
     <span class='ocr_line' id='line_1_28' title="bbox 728 3539 822 3606; baseline 0 -48"><span class='ocrx_word' id='word_1_167' title='bbox 728 3539 750 3606; x_wconf 76' lang='lat' dir='ltr'>b</span> <span class='ocrx_word' id='word_1_168' title='bbox 820 3553 822 3558; x_wconf 89' lang='lat'>.</span> 
     </span>
    </p>
   </div>
   <div class='ocr_carea' id='block_1_5' title="bbox 0 0 1228 3942">
    <p class='ocr_par' dir='ltr' id='par_1_5' title="bbox 0 0 1228 3942">
     <span class='ocr_line' id='line_1_29' title="bbox 0 0 1228 3942; baseline 0 1"><span class='ocrx_word' id='word_1_169' title='bbox 0 0 1228 3942; x_wconf 95' lang='lat' dir='ltr'> </span> 
     </span>
    </p>
   </div>
  </div>
 </body>
</html>
