2538 3948
252 263 265 269 ’
321 289 631 366 nnuntrunr
660 289 839 362 norm.
981 313 1040 376 ³⁶⁹

125 433 209 516 (rae)
227 437 294 510 Rege
306 437 393 508 Gyee.
413 433 595 491 Freinshemius
614 433 721 489 malebat
736 434 809 508 regi,
833 435 850 486 i.
869 451 892 488 e.
918 451 937 488 a
959 451 1040 510 rege:

160 511 239 578 idque
256 508 353 562 videtur
372 505 475 571 Ryekio
493 507 690 574 preponendum
710 508 819 575 vulgatae
837 507 952 564 Restion‘r.

128 583 211 654 (130)
230 581 330 636 Cultus
348 577 492 634 numinum
516 579 655 664 atrisque,
680 577 804 632 Dianam
820 593 868 634 aue
889 617 931 636 ...
959 600 1039 636 veae-

159 651 256 710 randi.
274 659 320 705 Pro
339 649 611 708 infinitivoveaeraer.
649 651 766 716 Utrisque
783 668 835 704 esse
852 653 935 704 cuitus
953 656 1039 708 nurni-

162 743 225 778 num
243 726 306 791 hos,
324 739 354 775 nt
371 723 483 778 Dianam
501 738 545 776 aut
563 724 703 790 Apollinem
723 736 913 778 venerarentur.

124 796 207 875 (rer)
227 795 325 852 Medus
405 791 629 870 praecribebatue.
649 797 744 850 Utendi
761 796 816 849 scii.
834 794 935 862 asylis,
961 816 1037 868 quem

162 868 265 922 modum
283 869 364 937 egredi
382 885 434 921 non
451 867 549 922 liceret.

125 941 211 1016 (xa-2)
230 941 322 1015 Figere
340 957 407 994 eea.
424 939 539 994 Tabulas
556 957 648 1002 ereas,
663 942 692 992 in
709 939 799 1010 quibus
816 939 936 1010 descripta
953 955 1036 997 essent

161 1015 213 1066 haec
231 1013 450 1068 senatusconsulta
466 1013 496 1064 dc
515 1014 588 1066 modo
606 1011 746 1078 asyiorum.

126 1083 211 1158 (133)
231 1083 389 1140 Abdidine.
409 1084 466 1138 Alta
485 1099 569 1138 mente
587 1085 697 1138 infixum
715 1089 869 1154 reposuisse.

145 1159 207 1232 134)
227 1157 380 1231 Supplicia.¹
391 1157 569 1212 Sallustianum
589 1157 711 1220 verbum,
730 1175 772 1226 pro
786 1157 1001 1232 supplicationes.

125 1161 208 1303 iras)
227 1227 339 1285 Pedaeii
355 1241 504 1284 senatorer.
523 1226 636 1284 Pedarii
654 1231 797 1294 dicuntur,
820 1231 918 1286 arene
936 1231 1036 1294 Gellio,

177 1306 207 1358 ui
224 1301 341 1358 nendum
353 1302 491 1374 gestierant
507 1299 625 1356 curulem
642 1303 853 1375 magistratum,
875 1301 951 1374 quad
961 1302 1036 1379 pedi-

158 1324 205 1432 ies
224 1375 328 1430 itaeeert
346 1375 377 1428 in
393 1373 511 1430 tereiana.
528 1374 578 1426 Ain
597 1387 682 1428 tamen
697 1373 815 1446 pedania
832 1389 958 1430 senatores
982 1377 1036 1428 exi-

158 1451 262 1501 stimant
281 1447 376 1510 didius,
393 1447 437 1516 qui
455 1448 481 1499 in
498 1460 589 1504 senatu
610 1449 766 1502 sententiam
784 1464 835 1501 non
849 1447 975 1510 dicerent,
992 1447 1037 1500 sed

159 1520 261 1589 pedibus
279 1521 341 1572 irent
358 1519 390 1572 ad
408 1537 468 1572 euru
486 1521 557 1582 cujus
575 1519 708 1572 sententia
726 1519 892 1574 accedebant:
911 1521 970 1574 hinc
992 1521 1035 1574 ci..

158 1609 214 1645 cero
231 1591 273 1644 lib.
291 1610 314 1644 r.
332 1590 363 1644 ad
380 1595 544 1660 A'rt.ep.14.
562 1591 658 1666 raptim
675 1590 706 1646 ire
723 1609 783 1646 eam
805 1591 970 1646 sententiam
991 1604 1035 1666 pe·

155 1662 228 1720 darii
244 1671 446 1719 concurrerunt.
471 1669 503 1718 Et
521 1663 660 1731 frequenter
683 1664 752 1730 apud
772 1665 879 1718 Latinos
904 1665 1035 1732 scriptores

154 1749 288 1790 occununt
305 1737 345 1806 ira
364 1751 454 1796 voces,
469 1730 578 1808 pedibus
596 1733 634 1786 ire
652 1731 683 1786 ie
700 1734 884 1802 sententiani,-
910 1745 934 1790 er
955 1733 1034 1808 peda-

159 1808 202 1862 eia
219 1805 367 1860 sententia.
1120 1861 1124 1868 ,

120 1877 203 1951 (13⁶)
219 1875 331 1931 Obscura
348 1875 433 1932 initia
447 1871 645 1950 impudentibus
657 1874 730 1930 auris
740 1873 908 1948 propellebat.
927 1882 973 1932 Est
987 1879 1034 1932 hoc

156 1947 335 2005 aGrosiotiot
361 1965 420 2001 nam
439 1962 512 2002 verns
536 1947 607 2000 letiio
623 1943 817 2020 propelluebat.
844 1948 912 2012 Quid
936 1949 1033 2001 sicum
1076 2002 1078 2008 ,

155 2022 349 2090 Ιαο.(ἱωπιονὶο
365 2021 531 2090 legaseodem
550 2035 624 2074 sensu
639 2015 827 2144 §revolvebam
846 2037 903 2088 que
923 2038 974 2074 vox
993 2038 1033 2078 sae

154 2112 189 2148 ne
207 2093 321 2162 frequens
341 2093 447 2156 Tacito,
465 2101 489 2146 er
508 2093 607 2160 propius
625 2111 640 2144 a
657 2106 694 2144 est
711 2109 726 2144 a
745 2091 824 2169 veteri
840 2092 960 2148 lectione.

120 2161 204 2310 qm}
223 2162 306 2218 Aiiar
321 2161 453 2239 publicus.
473 2164 533 2218 Vide
551 2169 658 2226 Anna,
679 2181 722 2224 39·

140 2243 186 2298 13¹8
223 2239 304 2292 Araia
321 2235 360 2293 ad
370 2240 501 2292 Cererem
513 2233 667 2292 Codiciilir.
686 2242 797 2294 Faernus
814 2235 910 2306 legebat
926 2237 1031 2302 missis,

155 2309 216 2379 quia
233 2327 325 2376 nempe
342 2328 423 2364 autur
441 2310 539 2378 passive
558 2326 684 2376 nusquam
703 2309 809 2362 occurrit
825 2347 832 2361 .
858 2309 953 2364 Lenius
972 2315 1029 2375 Ry.

154 2384 244 2445 cirins,
259 2400 340 2436 ausus
357 2379 396 2437 ad
410 2385 538 2435 Cererem
553 2378 702 2442 codicillos,
718 2381 841 2449 quomodo
859 2383 976 2434 Tacitum
985 2399 1031 2434 sae-

155 2456 211 2522 pius
228 2455 294 2523 loqui
313 2472 400 2508 verum
420 2469 473 2515 est.
492 2458 599 2506 utAnn.
611 2472 653 2514 rt,
671 2456 714 2504 28.
732 2451 805 2508 obvia
817 2447 884 2509 barti
901 2449 934 2514 δ’
947 2453 1031 2514 aciem

153 2543 230 2590 aare,
247 2535 270 2579 uc
288 2545 344 2594 cap.
356 2543 397 2585 32.
415 2543 466 2581 non
481 2526 554 2580 auris
571 2526 655 2579 aciem
672 2521 801 2578 batibus.
973 2540 976 2547 ’

119 2596 199 2672 (²³⁹)
218 2597 321 2672 Quippe
337 2595 394 2652 alia
408 2611 514 2672 parente
522 2598 627 2672 geniti.
651 2596 934 2665 Letiiopianevitiosa,
950 2615 1029 2673 quarn

153 2671 249 2736 optime
268 2671 368 2728 videtur
384 2671 515 2724 emendare
534 2671 682 2724 Reinesius:
701 2670 790 2743 quippe
798 2667 922 2724 Cornelia
935 2681 1029 2744 paren-

155 2752 183 2796 te
194 2741 298 2814 geniti,
319 2747 393 2796 Tunc
410 2742 478 2802 enirn
496 2743 558 2796 ratio
575 2757 673 2796 constat
690 2759 735 2794 cnr
752 2747 803 2796 Cn.
821 2741 944 2798 Lentulus
962 2743 1043 2810 bona,

155 2813 275 2866 Cornelia
293 2813 370 2876 hujus
388 2813 447 2869 fisco
464 2815 581 2880 eximat,
602 2832 681 2884 taque
700 2815 767 2878 filio,
791 2814 940 2878 consobrino
957 2831 1028 2880 suo,

154 2887 221 2937 reddi
240 2885 316 2943 velit.

118 2955 200 3032 (¹40)
218 2962 252 3012 in
268 2954 498 3012 hancsententiam
508 2955 589 3031 faiia
600 2955 736 3014 discessio.
754 2961 839 3024 Quin
857 2959 887 3017 de
904 2977 929 3011 re
947 2961 973 3011 in
989 2977 1026 3013 se-

153 3043 216 3082 natu
234 3030 355 3097 proposita
375 3033 454 3098 plures
469 3045 539 3084 erant
554 3033 706 3094 sententiae,
732 3050 764 3084 ne
782 3032 831 3083 dies
848 3033 950 3084 dicendo
973 3033 1026 3084 exi·

155 3115 273 3164 metetur,
289 3102 387 3163 consui,
404 3117 448 3156 ant
466 3103 504 3164 is,
521 3105 566 3172 qui
578 3105 679 3157 senatui
693 3118 805 3171 preerat,
822 3100 922 3164 iubebat
939 3101 1026 3156 disces-

152 3173 247 3226 sionem
266 3173 333 3238 fieri,
358 3175 374 3228 i.
392 3193 416 3227 e.
433 3189 578 3240 senatorum
596 3191 706 3244 quosque
724 3177 826 3230 adeum
841 3177 960 3236 transire,
984 3191 1027 3224 cu-

153 3245 193 3306 ins
211 3247 364 3300 sententiam
382 3261 559 3314 sequerentur,
583 3261 612 3299 ut
629 3265 659 3300 ea
676 3247 824 3302 discessione
841 3247 1027 3314 dignosceretur

154 3318 214 3385 quid
232 3317 343 3386 pluribus
362 3319 483 3386 placeret:
502 3333 613 3388 tuncque
631 3319 754 3384 judicium
772 3332 815 3372 aut
834 3319 958 3369 decretum
975 3315 1026 3370 fieri

156 3405 196 3455 per
214 3389 387 3444 discessionem
405 3391 546 3445 dicebatur.
565 3393 627 3446 Vide
645 3391 718 3444 Plinii
733 3391 807 3459 epist.
818 3391 893 3450 8214·

117 3456 527 3534 (141)Geriurcerriar.crete·&
535 3469 690 3538 Cyrenarum
700 3477 820 3530 protensa·
830 3461 992 3531 dequosrrp.3
1002 3465 1025 3520 8,

195 3550 349 3616 C.Tae.T.
358 3553 384 3616 1.
684 3544 741 3614 Aa
