2432 3940
208 331 247 382 ⁶⁶
422 297 729 372 ANNALIUM
762 298 860 368 LIB.
886 303 911 368 I.

210 485 281 531 cum
304 474 422 545 ceteras
444 468 590 520 exueret.
612 449 777 540 Propertio
801 449 928 533 Celeri,
957 445 1129 540 praetorio,

210 577 332 645 veniam
354 567 469 639 ordinis
492 565 531 632 ob
552 573 766 660 paupertatem
787 569 928 656 petenti,
958 566 1056 632 decies
1079 587 1131 630 se-

210 691 354 774 stertium
377 689 472 776 (204)
494 681 623 778 largitus
645 699 712 766 est,
735 683 806 752 satis
820 698 1002 775 comperto,
1024 698 1134 772 pater-

211 829 265 876 nas
286 806 316 873 ei
338 803 493 898 angustias
514 823 595 870 esse:
618 815 777 870 tentantes
798 797 903 868 eadem
933 801 1028 880 alios,
1057 820 1134 887 pro-

209 927 282 992 bare
303 941 422 990 causam
444 921 560 986 senatui
582 921 667 1000 jussit
688 923 803 1005 (205);
824 912 967 1010 cupidine
982 914 1135 982 severita-

212 1041 270 1121 tis,
291 1037 324 1104 in
346 1039 392 1104 his
413 1037 525 1118 etiam,
547 1057 617 1126 quae
640 1035 699 1100 rite
721 1033 858 1118 faceret,
879 1035 1028 1102 acerbus:
1050 1016 1135 1094 unde

212 1153 484 1250 ceterilsilentium
512 1133 783 1240 &paupertatem
811 1145 1056 1252 confessioni&
1078 1144 1136 1209 be·

122 1313 126 1327 ,
213 1270 322 1340 neficiu
344 1286 556 1358 praeposuere.

526 1491 649 1560 Tiberis
672 1491 817 1560 inundat·
857 1571 864 1582 ⁸

274 1720 434 1797 LXXVI.
456 1723 576 1794 Eodem
596 1747 677 1816 anno
697 1723 850 1794 continuis
873 1722 1015 1792 imbribus
1035 1721 1146 1807 aptius

219 1843 361 1926 Tiberis,-
383 1845 474 1934 plana
496 1844 576 1910 urbis
596 1839 808 1938 stagnaverat:
840 1839 1029 1909 relabentem
1051 1860 1142 1906 secu-

220 1981 255 2032 ta
290 1979 338 2029 est
375 1957 571 2027 aedificiorum
606 1959 640 2026 dt
670 1961 828 2027 hominum
858 1977 993 2050 strages.
1039 1953 1143 2046 Igitur

221 2078 341 2148 censuit
372 2074 496 2143 Asinius
517 2077 651 2160 GalluS,
682 2093 715 2144 ut
745 2075 821 2143 libri
843 2077 988 2157 sibyllini
1018 2073 1141 2140 adiren-

221 2210 294 2260 tur:
334 2191 438 2255 renuit
461 2183 630 2269 Tiberius}
668 2190 796 2278 perinde
825 2191 937 2258 divina·
953 2185 1142 2276 humanaque

223 2306 392 2394 obtegens:
423 2301 475 2368 sed
502 2301 670 2368 remedium
699 2303 861 2370 coercendi
891 2301 1023 2370 fluminis
1045 2299 1145 2381 Atejo

223 2415 393 2508 Capitoni,
406 2414 441 2483 δε
456 2415 496 2484 L.
506 2412 861 2506 Arruntiomandatunh
885 2413 1037 2498 Achaiam
1047 2425 1144 2504 (κοῦ)
1211 2503 1212 2528 Χ

114 2616 117 2624 .
224 2558 262 2605 ac
277 2531 513 2616 Macedoniam,
534 2535 626 2600 one'ra
647 2533 866 2625 deprecantes,
889 2532 985 2600 levati
1007 2527 1039 2598 in
1062 2554 1147 2622 prae-
1211 2537 1212 2622 Ῐ

226 2665 295 2721 sens
316 2649 675 2742 proconsulariirnpetio
696 2658 828 2738 (207),
858 2645 1000 2738 tradique
1023 2647 1145 2716 Caesati

227 2768 363 2860 placuit.
384 2767 519 2835 Edendis
534 2766 771 2860 gladiatoribus,
794 2786 870 2858 quos
884 2761 1147 2834 Gennanicilra-
1211 2803 1212 2814 κ

169 2975 174 2986 ¹
227 2883 285 2953 tris
322 2906 357 2950 ac
379 2906 432 2952 suo
461 2884 585 2952 nomine
614 2884 793 2966 obtulerat,
831 2882 951 2950 Drusus
979 2882 1145 2972 presedit,
1211 2903 1212 2974 j

229 3000 412 3090 quamquam
434 3001 487 3068 vili
502 2999 647 3093 sanguine·
670 3001 759 3068 nimis
774 2999 923 3093 gaudens:
946 2997 1028 3089 quod
1039 2999 1145 3090 vulgus

229 3111 458 3182 formidolosum
480 3124 613 3205 (208),
642 3115 678 3186 dc
699 3135 789 3207 pater
818 3113 950 3206 arguisse
970 3113 1144 3181 dicebatur.

229 3230 299 3300 Cur
325 3227 503 3312 abstinuerit
533 3231 704 3322 spediaculo
733 3235 798 3322 ipse
805 3281 823 3314 ,v
847 3229 929 3298 varie
957 3228 1145 3316 trabebant3

230 3344 284 3412 alii
303 3343 399 3414 taedio
415 3365 541 3434 eoetus,
563 3349 692 3438 quidam
709 3349 835 3416 tristitia
851 3346 988 3440 ingenii,
1010 3344 1046 3414 ὅτ
1063 3347 1153 3415 metu

125 3559 129 3570 Ἰ
231 3465 490 3554 comparationis,
512 3463 583 3561 quia
606 3463 766 3558 Augustus
786 3463 917 3539 comiter
939 3460 1146 3537 interfuisset.
