2434 3940
153 321 866 404 AN-U.C.DCCLXXV.AER.CHR.22.
930 355 989 408 ¹9⁹

82 503 161 553 noxa
177 481 327 572 ponendi,·
349 479 450 567 ipsius
472 492 574 543 autem
595 473 682 542 ducis
697 499 817 564 quoquo
833 479 922 546 modu
934 495 992 568 po·

80 603 211 667 riretur.

133 710 292 783 LXXIV.
316 709 360 779 Et
373 707 494 798 recepti
508 729 545 776 ea
558 706 646 776 venia
667 707 826 814 pleriquer
849 730 919 777 mox
935 713 991 781 ad.

77 851 198 897 versum
219 847 301 896 artes
323 823 548 908 Tacfarinatis,
571 825 650 892 haud
665 825 801 894 dissimili
817 825 910 891 modo
925 827 991 892 bel-

76 945 259 1038 ligeratum.
277 924 365 1014 'Nam
385 942 456 1033 quia
477 941 550 1022 ille,
573 941 683 1010 robore
704 942 860 1012 exercitus
873 941 991 1032 impar,

76 1057 196 1129 furandi
218 1061 346 1142 melior,
377 1059 480 1150 plures
500 1079 557 1146 per
578 1057 683 1148 globos
704 1057 895 1140 incursaret,
924 1060 992 1126 elu-

75 1176 249 1265 deretque,
268 1173 304 1242 dc
325 1174 445 1240 insidias
466 1173 555 1240 simul
579 1189 737 1261 tentaret;
761 1191 827 1241 tres
840 1174 991 1257 incessus,

74 1293 211 1356 totidem
235 1291 355 1382 agmina
377 1305 541 1379 parantur:
563 1309 602 1354 ex
615 1293 684 1378 quis
705 1289 874 1360 Cornelius
887 1289 993 1379 Scipio

75 1406 198 1496 legatus
219 1402 360 1494 praefuit,
390 1425 449 1492 qua
470 1402 620 1494 praedatio
641 1401 993 1494 inLeptitanos(148),

75 1518 111 1586 dr
133 1517 262 1610 suffugia
284 1519 507 1586 Garamantum
514 1545 525 1608 ;
555 1520 616 1587 alio
638 1521 756 1606 latere,
785 1541 826 1588 ne
857 1517 992 1588 Cirten-

75 1636 152 1702 sium
176 1637 248 1728 pagi
269 1638 396 1727 impune
424 1635 650 1722 traherentur,
680 1639 838 1726 propriam
866 1659 992 1704 manum

74 1752 192 1820 Blaesus
214 1751 291 1820 filius
311 1752 415 1821 duxit:
440 1752 564 1833 medio,
587 1773 658 1818 cum
672 1752 795 1818 deledlis
809 1754 935 1822 castula
957 1751 993 1820 dc

74 1865 263 1935 munitiones
283 1865 399 1935 idoneis
420 1865 494 1932 locis
509 1866 689 1955 imponens,
711 1867 772 1932 dux
787 1868 851 1955 ipse
864 1867 946 1934 anila
958 1865 996 1932 δε

75 1979 193 2050 infensa
217 1981 351 2050 hostibus
371 1980 477 2048 cundia
499 1977 635 2064 fecerat3
660 1981 748 2065 quia,
770 2001 893 2068 quoquo
906 1979 996 2046 incli-

75 2115 210 2180 narent,
234 2119 305 2188 pars
326 2095 427 2186 aliqua
448 2093 556 2163 militis
576 2091 712 2160 Romani
739 2095 865 2178 inore,
895 2094 926 2160 in
949 2096 997 2162 la-

75 2231 167 2297 tere,
190 2211 225 2280 cit
247 2233 330 2300 soepe
353 2234 371 2278 a
389 2227 479 2301 tergo
487 2225 571 2278 erat:
594 2208 745 2300 multique
767 2209 995 2295 eomodocasi,

74 2343 130 2396 aut
153 2325 376 2396 circumventi.
401 2321 494 2393 Tunc
517 2325 711 2416 tripartitum
730 2325 904 2396 exercitum
924 2327 996 2418 plu·

77 2464 128 2512 res
150 2443 183 2510 in
205 2460 312 2510 manus
342 2443 518 2536 dispergit,
551 2443 766 2534 praeponitque
795 2443 997 2512 centuriones

77 2559 202 2626 virtutis
223 2573 375 2646 experta:
399 2579 476 2640 nec,
498 2574 533 2624 ut
558 2581 623 2624 mos
646 2555 769 2640 fuerat,
798 2557 863 2624 aila
886 2571 1000 2622 astate

76 2671 212 2744 retrahit
239 2673 359 2759 copias,
381 2690 434 2738 aut
455 2675 487 2740 in
512 2673 712 2742 hibernaculis
733 2673 848 2742 veteris
868 2671 996 2759 provin-

78 2791 134 2858 tiae
160 2787 336 2877 componit:
359 2788 412 2854 sed
435 2806 470 2856 ut
490 2789 522 2854 in
544 2788 650 2856 limine
665 2787 754 2870 belli,
777 2785 929 2878 dispositis
941 2807 995 2854 ca-

79 2903 193 2987 stellis,
214 2923 269 2993 per
290 2902 450 2991 expeditos
478 2902 514 2971 dc
535 2903 735 2970 solitudinum
763 2925 892 2995 gnaros,
923 2925 996 2971 mu·
1028 2925 1029 2932 ¹

80 3036 200 3088 tantem
216 3019 343 3110 mapalia
359 3015 590 3086 Tacfarinatem
603 3017 781 3108 proturbat:
797 3019 913 3106 donec,
929 3017 994 3088 fra·

82 3151 131 3204 tre
152 3139 217 3218 ejus
238 3153 350 3227 capto,
373 3156 527 3228 regressus
549 3151 616 3218 est,
639 3137 854 3226 properantius
875 3155 995 3215 tamen,

83 3261 174 3340 quam
195 3273 233 3320 ex
254 3253 390 3322 utilitate
412 3252 589 3336 sociorum,
611 3251 739 3340 relidlis,
761 3276 820 3345 per
842 3273 918 3343 quos
943 3269 994 3316 re·

85 3383 225 3458 surgeret
246 3370 373 3440 bellum.
395 3367 456 3440 Sed
480 3365 634 3454 Tiberius,
655 3393 713 3462 pro
734 3365 873 3438 confelio
894 3367 994 3435 incer·

87 3498 245 3573 promtus,
266 3486 295 3554 id
317 3507 439 3580 quoque
461 3486 561 3577 Blaeso
585 3488 713 3569 tribuit,
736 3502 771 3554 ut
793 3488 995 3575 imperatora
1033 3492 1036 3507 '

635 3602 709 3678 Ns
