2538 3948
311 299 617 376 ANNALIUM
646 295 825 371 NOTAE.
965 325 1021 379 sss

103 451 106 454 '
131 463 210 514 vguas
228 446 288 498 vires
305 429 363 498 suas
380 455 524 497 excusaret.
543 446 601 494 Vox
618 439 745 495 modestia
760 442 845 494 eodem
859 455 933 497 sensu
945 441 1024 493 sumi.

145 532 187 569 tur
204 521 271 570 nnn.
294 535 336 579 12,
356 537 401 578 43·
420 518 522 588 Magna
539 513 627 567 Derim
648 510 821 586 benignitate,
843 507 876 572 (θ’
898 509 1025 569 modestia

142 585 248 650 biensis,
266 585 337 644 sibiet
354 585 473 642 extremis
489 581 655 638 subventum.

100 657 175 732 (42)
194 665 320 733 Suspenso
336 671 428 732 semper
450 652 484 716 (5
505 653 610 720 obscura
633 651 723 711 verba.
746 659 882 718 Suetonio,
905 675 959 724 cap.
978 677 1023 719 24.

140 731 233 784 dicitur
244 728 369 802 ambiguis
381 729 518 802 responsis,
534 725 568 788 (9
579 726 676 784 callida
686 725 849 784 euniietiosee
859 727 1023 800 suspendens.

99 799 174 874 (43)
196 799 302 877 ouibus
320 819 388 855 unes
404 811 503 865 erutus,
526 803 565 854 si.
591 803 643 866 Qui
668 803 731 854 nihil
756 802 837 869 magis
862 801 1024 864 metuebant,

139 893 220 942 quam
246 891 278 926 ne
301 875 434 943 intelligere
459 875 601 926 viderentur
628 874 818 927 simulationem
843 871 950 924 Tiberii.
985 873 1025 924 sie

141 951 216 1028 Ann.
236 961 264 1007 2,
283 963 326 1008 42.
343 944 390 1001 ille
406 945 511 1018 ignarus
528 944 609 1009 doli,
624 942 668 998 vel
681 945 705 1000 si
722 941 861 1018 intelligere
876 939 1024 1007 vicinetur,

141 1033 200 1071 vem
216 1029 345 1072 metuens.

96 1086 172 1163 (44)
191 1091 381 1145 Necessitates.
399 1093 438 1144 Sic
455 1106 529 1144 vocat
546 1107 620 1143 onera
632 1089 746 1157 publica,
764 1097 788 1143 oc
800 1103 967 1158 quecumque
980 1107 1024 1142 ne.

137 1163 245 1224 cessario
261 1165 498 1232 erogandaessent.
515 1161 695 1242 Largitiones.
714 1165 777 1227 Quae
792 1163 818 1213 in
831 1175 977 1224 annonam,
996 1163 1024 1214 in

138 1233 281 1299 speuacula
301 1235 524 1303 impendebantur.
989 1249 992 1256 ’

96 1300 172 1376 (45)
191 1309 318 1359 incertum
340 1319 425 1362 mette.
462 1313 500 1362 Ne
523 1308 605 1360 studio
629 1309 698 1376 plura
721 1307 846 1376 quarendi
871 1318 930 1358 ante
953 1319 1024 1372 parta

138 1377 295 1461 amitterent.
315 1380 361 1432 An
375 1390 417 1452 pes
433 1375 578 1434 invidiam.
597 1385 636 1434 Ne
654 1381 711 1449 quis
727 1379 791 1433 forte
805 1395 973 1433 successorum
987 1379 1024 1434 la.

136 1461 191 1502 trus
209 1451 370 1516 smperitaret.
684 1465 690 1478 ⁸

96 1517 170 1592 (4⁶)
189 1517 334 1592 Plusquam
349 1521 443 1588 ciuilia
457 1521 584 1596 agitaret.
608 1523 685 1594 Supra
708 1538 843 1587 ceterorum
868 1523 964 1576 crviurn
983 1521 1022 1586 fa-

104 1596 107 1602 '
136 1591 239 1660 stigiunr
258 1594 339 1648 efferre
355 1614 381 1648 se
399 1597 425 1649 in
443 1597 529 1649 animo
547 1597 660 1652 haberet.
1011 1637 1014 1644 .

96 1659 168 1734 (47)
187 1667 371 1722 curatissimis
385 1665 512 1742 precibus.
531 1671 597 1722 Editi
614 1671 675 1721 olim
692 1668 910 1736 accuratissimis.
935 1674 1020 1722 Corre-

102 1737 107 1762 “·
138 1737 176 1786 xit
195 1738 305 1790 Pichena
322 1755 354 1790 ex
373 1757 421 1791 ms.
441 1749 463 1790 dr
482 1757 514 1790 ex
532 1743 657 1791 constanti
677 1758 743 1791 more
762 1741 858 1792 Taciti.

99 1804 170 1877 (48)
189 1803 249 1858 Alii
262 1819 406 1890 parentem.
425 1814 500 1860 Hanc
518 1827 606 1860 vocem
626 1809 716 1862 ditiarn
742 1812 825 1875 accipe
845 1829 887 1878 pet
905 1815 1019 1864 Antono·

138 1877 263 1960 spinsiam,
281 1881 353 1962 quasi
371 1879 446 1933 Livia
459 1890 549 1952 parens
566 1882 618 1932 sola
634 1881 739 1932 dicenda
764 1881 844 1939 foret,
868 1899 925 1948 que
945 1882 1019 1932 Tibe.

137 1965 205 2000 rrum
224 1965 370 2016 peperisset.
783 2007 785 2014 ¹

99 2016 172 2104 ’(49)
192 2025 326 2094 eramque
339 2019 496 2096 adeptimsis.
521 2025 579 2075 Mos
596 2022 646 2074 fuit
664 2027 840 2074 Romanorum
860 2035 906 2082 ut,
925 2039 1020 2075 memo,

97 2113 101 2116 ·
136 2093 178 2144 riae
202 2107 300 2154 causa,
325 2112 392 2146 aram
416 2108 461 2147 aut
482 2095 607 2160 tempium
630 2107 766 2146 statuerent
792 2094 877 2146 virtuti
900 2107 946 2145 arrt
968 2098 1019 2158 rei,

135 2183 215 2234 quam
234 2179 353 2232 cuperent
369 2167 513 2220 laudatam.
538 2167 588 2218 Hic
612 2165 686 2234 igitur
709 2183 783 2220 aram
799 2162 943 2238 adoptionis
961 2183 1019 2218 cen-

136 2236 242 2304 sebant,
260 2238 390 2292 adulantes
407 2239 506 2306 Livia,
524 2255 580 2307 que·
599 2241 712 2302 conjux‘,
731 2255 799 2290 nouo
817 2255 913 2305 prorsus
932 2255 1018 2302 exem-

135 2309 196 2374 plo,
214 2309 265 2362 filia
283 2311 365 2362 metiti
382 2327 424 2378 per
439 2311 600 2378 adoptionem
618 2309 684 2363 fadis
702 2311 796 2362 fuerat.

99 2374 167 2452 (50)
188 2379 370 2436 Proconsulare
386 2383 533 2456 imperium.
557 2389 707 2451 Perpetuunr
731 2384 839 2444 scilicet,
863 2383 930 2452 quod
955 2384 1017 2437 inter
1103 2377 1106 2384 ⁴

135 2452 224 2505 titulos
241 2454 409 2522 principatus.
428 2456 621 2514 Namtrirnnio
637 2467 697 2508 ante
714 2457 880 2511 Germanicus
897 2458 949 2519 jam
963 2473 1017 2522 pro-

134 2525 256 2578 consulari
273 2526 376 2592 imperio
392 2527 510 2580 exercitui
528 2542 642 2595 preerat.

29 2641 31 2646 ,
99 2593 168 2669 (51)
188 2599 338 2649 Nunnium
353 2595 385 2654 ab
402 2602 521 2670 Augusto
537 2597 682 2656 traditum.
705 2602 789 2652 Annis
806 2598 959 2666 principatus
975 2599 1015 2650 sui

135 2667 320 2734 posterioribus.
345 2673 412 2720 Nanr
431 2688 512 2737 quum
536 2685 666 2738 praetorum
690 2687 843 2732 numerum,
866 2670 910 2738 qui
930 2677 1015 2731 'stante

134 2737 222 2806 repub.
239 2737 296 2790 otio
313 2737 428 2800 fuerant,
445 2742 580 2795 adautiurn
596 2759 611 2795 a
626 2743 815 2814 JulioCesere,
832 2741 862 2794 ad
881 2741 965 2792 decern
978 2755 1017 2794 rea

131 2810 264 2870 traxisset,
281 2811 357 2863 sernel
375 2813 480 2864 omnino
497 2813 622 2865 sexdecim
635 2827 741 2875 crearat,
759 2831 788 2865 ac
800 2813 915 2880 deinceps
927 2813 953 2863 in
965 2827 1014 2864 nu-

135 2897 203 2934 rnero
219 2883 370 2934 duodenario
387 2882 540 2936 substiterat.
559 2885 604 2934 Sed
621 2901 667 2936 nec
686 2885 816 2946 Tiberius,
833 2897 879 2936 aut
889 2887 946 2949 ejus
957 2903 1013 2938 suc·

134 2971 240 3007 cesores
256 2954 326 3006 hunc
344 2970 478 3006 numerum
495 2961 808 3010 servaverunt‘.·l³retores
830 2957 898 3009 eninr
917 2958 947 3010 ad
968 2977 1015 3020 14,

136 3041 182 3086 ις,
203 3036 244 3080 1⁶.
263 3043 278 3079 a
297 3025 395 3079 Tiberio
411 3029 484 3080 creati
507 3028 674 3095 reperiuntur.
697 3029 819 3082 Claudius
842 3043 927 3083 autern
951 3031 1014 3084 alias

137 3115 179 3158 14·
198 3099 259 3154 alias
280 3102 320 3149 18.
337 3100 445 3152 creavit.
627 3113 645 3122 “’
799 3115 801 3122 ⁴

99 3168 114 3247 (
119 3168 166 3239 52)
184 3177 207 3222 Ε
225 3182 314 3244 caespe-
325 3170 432 3225 comitia
447 3170 581 3246 ad'patses
598 3171 730 3230 translata
744 3185 829 3230 stem.
853 3177 938 3247 Julius
955 3177 1012 3232 Cea-

133 3257 188 3300 sar,
205 3244 314 3311 exceptis
330 3245 476 3297 consulatus
493 3245 644 3309 candidatis,
662 3247 763 3300 coniitia
781 3266 840 3301 curn
853 3248 946 3314 populo
958 3262 1012 3311 par·

108 3337 111 3342 ·
135 3311 196 3363 titus
212 3328 277 3366 erat.
296 3321 376 3368 Hunc
394 3333 487 3368 morem
498 3328 547 3385 'per
565 3317 627 3370 belle
644 3319 727 3372 civilia
744 3319 864 3372 abolitum
882 3319 1011 3369 reduxerat

134 3385 279 3451 Augustus.
300 3391 355 3453 Ipse
373 3390 488 3442 consules
500 3398 529 3442 -dr
547 3403 640 3457 partem
653 3392 758 3444 aliorum
771 3390 1010 3458 magistratuumde-

134 3455 264 3536 signabat,
286 3459 348 3514 alios
365 3462 505 3539 popuio'tt
523 3462 629 3524 comitiis
651 3481 768 3524 tumore
786 3463 862 3534 prisco
884 3462 1010 3532 eligendos
