2446 3942
192 313 209 368 8
412 291 716 367 ANNALIUM
743 297 839 370 LIB.
863 299 888 370 Ι.

192 452 253 516 vias
274 449 410 537 sepserat
424 444 528 516 Livia:
552 448 678 541 laetique
699 451 854 518 interdum
877 453 977 519 nuntii
1002 451 1110 545 tulga⁴
1209 479 1210 490 ²

192 570 320 646 bantur,
343 563 443 630 donec
470 565 617 655 provisis,
638 581 712 656 quar
736 585 857 658 tempus
886 571 1047 651 monebat,
1069 570 1111 633 si*

192 682 256 748 tnul
286 681 449 747 excessisse
471 677 669 774 Augustum,
698 683 733 752 dt
765 707 869 751 rerum
892 688 986 776 potiri
1010 684 1110 752 Nero·
1210 747 1211 758 ,

68 785 71 796 .
171 847 175 856 »
193 781 265 867 nem
286 796 367 864 sama
388 798 496 866 eadem
520 799 609 866 tulit.

251 917 312 986 VL
334 916 473 984 Primum
495 913 611 983 facinus
632 917 704 983 novi
731 919 918 1009 principatus
945 915 1023 1000 fuit,
1052 915 1113 983 Pa

191 1035 285 1101 sturni
305 1033 460 1128 Agrippae
481 1034 595 1100 cades:
617 1054 710 1124 quem
730 1035 870 1128 ignarum
882 1037 1113 1126 inermumque,

190 1151 328 1243 quamvis
355 1150 492 1218 firmatus
518 1151 637 1232 auimo,
664 1147 819 1219 Centurio
848 1173 934 1244 aegre
958 1147 1114 1217 confecita

192 1267 279 1334 Nihil
307 1267 347 1335 de
373 1289 410 1334 ea
440 1287 476 1330 re
500 1261 645 1330 Tiberius
673 1266 752 1353 apud
783 1268 931 1334 Senatum
959 1265 1115 1336 disseruit.
1211 1351 1212 1354 Ἴ

192 1375 294 1450 Patris
316 1385 394 1462 jussa
415 1373 592 1461 simulabat,
615 1377 720 1471 quibus
741 1385 974 1472 praescripsisset
997 1385 1119 1450 tribuno

192 1493 339 1565 custodlae
360 1497 516 1586 adposito,
540 1485 815 1579 retardaretur,
838 1503 1011 1586 Agrippam
1033 1521 1119 1565 rnor-

193 1636 224 1682 re
252 1611 403 1694 adficere,
433 1609 615 1719 quandoque
643 1617 807 1700 (17)r'pse
828 1613 1012 1702 supremum
1040 1615 1120 1685 diem
1211 1607 1213 1642 ³

193 1730 404 1819 explevisset.
445 1729 554 1794 Multa
583 1729 650 1796 sine
676 1727 765 1794 dubio
791 1729 931 1820 saevaque
960 1725 1135 1826 Augustus·

178 1849 234 1915 'de
257 1847 388 1912 moribus
416 1834 619 1912 adblesccntis
645 1863 788 1937 questus,
823 1865 859 1912 ur
887 1845 1026 1910 exsilium
1054 1846 1121 1924 ejus

195 1944 469 2032 senatusconsulto
490 1959 677 2045 sanciretur,
703 1963 896 2052 perfecerat:
925 1979 1066 2028 ceterum
1087 1960 1120 2024 in

196 2081 309 2148 nullius
330 2102 475 2169 umquam
496 2099 619 2145 suorum
640 2101 751 2147 necem
763 2082 900 2148 amant:
924 2099 1025 2170 noque
1038 2099 1120 2142 mor-

197 2215 263 2261 tem
287 2193 394 2282 nepoti
415 2215 473 2280 pro
495 2195 661 2258 securitate
683 2196 818 2287 privigni
846 2198 992 2277 inlatam,
1020 2193 1120 2260 credi·
1214 2217 1215 2246 1

198 2311 258 2377 bile
280 2324 377 2373 eratz·
388 2308 511 2395 propius
525 2327 616 2388 vero,
642 2305 803 2374 Tiberium
823 2333 859 2374 ac
873 2309 1013 2391 Liviam,
1034 2309 1121 2373 illum

135 2489 137 2498 ,
198 2441 305 2506 metu,-
326 2422 403 2488 hanc
426 2422 634 2488 novercalibus
654 2423 747 2505 odiis,
768 2423 897 2514 suspedii
918 2423 953 2489 dt
974 2424 1062 2490 invisi
1075 2427 1124 2504 ju-

200 2541 285 2608 venis
306 2539 425 2606 caedom
454 2535 657 2606 festinatisse.
687 2538 850 2620 Nuntianti
873 2539 1064 2619 centurioni,
1087 2556 1123 2604 ut

200 2679 266 2724 snos
286 2657 423 2738 militiae,
439 2655 671 2742 fallamur,
693 2660 777 2744 quod
797 2663 1006 2748 imperasset:
1029 2675 1125 2742 neque

99 2839 103 2847 ,
200 2779 377 2861 imperasse
398 2795 485 2854 sese,
508 2769 551 2845 lat
574 2777 729 2840 rationem
744 2771 825 2862 fadi
841 2774 1027 2841 reddendam
1042 2773 1125 2860 apud

191 2883 363 2970 'senarum
386 2888 559 2978 respondit.
582 2887 675 2979 Quod
689 2909 849 2982 postquam
863 2889 1023 2958 Sallustius
1036 2888 1123 2956 Crisa

200 3026 275 3096 pus,
298 2997 452 3094 p'articeps
474 3023 663 3072 secretorum
686 3007 738 3093 (is
758 3009 796 3073 ad
820 3008 977 3072 tribunum
999 3007 1124 3070 miserat

201 3119 382 3206 codicillos)
405 3124 670 3210 (18)cotnperit;
693 3139 835 3189 metuens
861 3144 902 3188 ne
925 3145 994 3188 reus
1017 3123 1124 3188 subde*

201 3254 305 3318 retur,
328 3239 413 3318 juxta
435 3236 605 3324 periculoso
628 3245 719 3326 (19),
741 3237 806 3333 fidia
830 3261 884 3304 seu
907 3259 980 3302 vora
1000 3259 1124 3327 prome·

201 3366 268 3430 ret,
290 3353 414 3425 monuit¹
429 3349 568 3434 Liviam,
592 3373 628 3419 ne
649 3375 766 3420 arcana
789 3355 919 3435 domus,
942 3347 1132 3421 neconsrtta'

199 3467 390 3565 atticorum,
418 3471 601 3536 ministeria
628 3457 763 3538 militam
792 3469 1019 3558 vulgarentur:
1051 3489 1124 3536 nece

244 3748 257 3784 ἱ
