2474 3944
246 343 304 402 232
445 309 990 418 ANNALIUMLIB.1V'.J
1084 323 1095 368 ”1

245 467 437 560 optimatium
459 467 601 558 ingenia,
624 468 675 556 qui
690 468 820 533 maxime
834 469 1080 558 perdidicerant,
1096 469 1149 536 cai-

245 585 298 650 lidi
319 601 496 672 temporum
518 579 554 648 lit
574 584 726 670 sapientes
754 583 978 652 credebantur:
1010 585 1053 650 sic
1086 609 1150 650 con-

246 697 334 767 verso
357 716 459 780 statu,
483 719 583 788 neque
608 700 666 764 alia
688 722 723 765 re
743 697 906 788 Romana,
929 721 1019 790 quam
1042 701 1066 764 si
1088 707 1151 788 (91)

246 837 324 882 unus
346 816 526 905 imperitet,
550 813 615 881 haec
637 817 778 905 conquiri
801 817 939 906 tradique
963 821 995 882 in
1013 839 1079 882 rem
1093 813 1154 881 fue-

248 936 308 997 rit:
333 932 401 1020 quia
423 931 510 1021 pauci
533 933 716 1020 prudentia,
740 931 867 999 honesta
891 933 925 998 ab
946 933 1155 1012 deterioribus,

246 1047 335 1112 utilia
357 1047 394 1114 ab
417 1049 514 1112 noxiis
535 1049 732 1135 discernunt3
764 1049 868 1138 plures
889 1045 1013 1114 aliorum
1035 1048 1155 1112 eventis

248 1163 415 1230 docentur.
438 1161 592 1229 Ceterum
616 1181 650 1231 ut
671 1161 849 1254 profutura,-
870 1167 915 1232 ita
930 1165 1084 1230 minimum
1106 1163 1157 1226 ob·

249 1279 418 1346 lefiationis
440 1275 607 1345 adferunt.
640 1280 720 1348 Nam
751 1281 825 1345 situs
847 1281 1009 1371 gentium,
1031 1279 1157 1345 varieta-

245 1409 298 1457 tes
313 1395 518 1482 proeliorum,
540 1393 616 1456 clari
639 1393 749 1458 ducum
772 1383 887 1475 exitus,
911 1399 1050 1462 retinent
1064 1409 1100 1488 ac
1115 1415 1158 1458 re-

168 1549 174 1572 r
246 1506 425 1597 dintegrant
445 1505 614 1594 legentium
629 1508 781 1572 animum:
805 1529 860 1572 nos
876 1527 958 1576 saeva
972 1515 1051 1592 jussa
1061 1541 1074 1628 p
1087 1533 1156 1576 con-

248 1621 348 1687 tinuas
375 1621 617 1702 accusationes,
637 1620 761 1688 fallaces
792 1623 962 1704 amicitias,
991 1627 1162 1712 perniciem

228 1733 231 1740 ’
248 1736 457 1805 innocentium
466 1783 476 1818 ,
500 1736 534 1804 ἀ
557 1740 677 1806 easdem
691 1739 776 1804 exitu
790 1743 859 1827 (92)
879 1761 982 1805 causas
997 1741 1162 1830 conjungi·

249 1875 333 1942 mus3
353 1855 440 1922 obvia
462 1845 565 1920 rerum
587 1853 803 1937 similitudine,
825 1855 860 1922 ἃ
881 1855 1043 1920 satietate.
1075 1851 1158 1920 Tum

249 1969 330 2060 quod
355 1969 486 2059 antiquis
507 1969 702 2060 scriptoribus
723 1991 806 2037 rarus
829 1969 1033 2056 obtrefiator3
1065 1989 1161 2058 neque
1213 1961 1214 1964 ¹

250 2085 348 2151 refert
369 2091 566 2173 cujusquam,
594 2085 723 2153 Punicas
745 2085 940 2154 Romanasve
963 2085 1164 2160 aciesiaetias

248 2198 414 2266 extuleris:
435 2217 469 2263 at
494 2201 680 2282 multorum,
702 2203 755 2290 qui
778 2200 905 2268 Tiberio
921 2221 1073 2294 regente,
1096 2225 1158 2290 poe-

248 2337 318 2382 nam
341 2309 390 2378 vel
412 2309 567 2379 infamiam
587 2315 729 2396 subiere,
750 2318 868 2404 posteri
889 2333 1038 2382 manent:
1071 2334 1158 2405 utque
1215 2365 1216 2416 ᾗ

247 2427 371 2496 familia:
394 2428 468 2518 ipsae
491 2433 552 2510 jam
576 2423 732 2494 exstinelae
757 2430 835 2516 sint3
858 2431 1019 2518 reperies,
1050 2433 1104 2519 qui
1128 2431 1157 2495 ob

246 2543 476 2613 similitudinem
497 2541 636 2626 morum,
657 2541 756 2612 aliena
772 2541 928 2610 malefafia
949 2545 1003 2610 sibi
1020 2544 1156 2627 objeflari

248 2677 375 2754 putent.
398 2659 502 2727 Etiam
524 2662 622 2752 gloria
643 2683 679 2728 ac
705 2657 801 2728 virtius
823 2657 956 2726 infensos
986 2661 1098 2742 habet,
1127 2674 1156 2724 ut
1215 2673 1216 2742 l

247 2777 389 2844 nimiter
404 2777 573 2868 propinquo
593 2777 712 2846 diversa
734 2799 866 2868 arguens
880 2783 968 2866 (⁹3)·
991 2777 1052 2844 Sed
1063 2776 1100 2843 ad
1114 2777 1157 2842 in-

245 2909 353 2979 crepta
375 2887 490 2963 redeo.
581 2913 585 2922 ·
758 2895 767 2910 ‘
950 2893 954 2900 “

380 3115 447 3188 Au.
471 3145 501 3190 υ.
525 3146 553 3189 c.
575 3145 755 3194 occrrxvnr.
779 3123 859 3192 AEn.
881 3125 963 3194 Car.
988 3152 1004 3192 2
1012 3153 1040 3207 5·
1093 3114 1096 3118 ’

299 3349 463 3426 XXXIV·
489 3353 769 3456 Cornelio‘Cosso,
792 3351 902 3421 Asinio
917 3351 1060 3448 Agrippa
1077 3354 1153 3425 Con-

241 3461 369 3551 sulibus,
393 3469 574 3547 Cremutius
583 3469 706 3539 Cordus
720 3471 913 3564 postulatur,
938 3497 1018 3544 novo
1038 3497 1073 3541 ac
1088 3489 1154 3538 tunc
