2474 3944
265 279 327 336 3¹4
464 243 774 322 ANNALIUM
800 245 901 316 ΜΒ.
926 245 989 321 VL

255 402 488 498 protegentibus
509 397 668 466 saucitun.
711 395 808 466 Fama
834 413 940 468 temen
963 396 1074 482 occisi,
1104 395 1180 466 falso

254 519 373 588 eredita
393 525 485 612 (tr),
507 515 660 586 exterruit
681 511 813 586 Parthos
820 538 832 602 ;
862 513 1081 606 victoriamque
1104 539 1179 586 con-

253 657 391 706 cessere.

312 747 478 820 xxxvl
508 748 591 818 Mor
612 743 790 816 Artabanus
818 761 884 818 tota
905 749 990 816 mole
1010 750 1100 842 regni
1132 749 1183 815 ul·

255 883 326 936 tum
349 867 405 932 iit.
423 865 544 934 Petisia
565 871 636 954 (82)
658 863 798 936 lotorum
818 862 858 930 ab
871 860 967 932 Iberis
989 866 1099 934 melius
1123 887 1183 956 pu·

254 1000 401 1076 motum:
424 1003 482 1050 nec
503 981 573 1048 ideo
595 980 793 1064 abscedebat,
814 980 866 1063 ui,
888 980 1049 1050 contradis
1072 981 1181 1074 legio-

254 1101 360 1182 nibus,
382 1099 552 1181 Vitellius,
571 1095 607 1166 &
628 1096 748 1166 subdito
769 1117 914 1180 rumore,
935 1114 1087 1186 tamquam
1096 1097 1184 1166 Mc·

255 1214 456 1308 nopotumiam
476 1216 652 1297 invasurus,
681 1229 800 1282 metum
821 1211 959 1284 Romani
987 1211 1059 1280 belli
1084 1209 1185 1278 lecis-

255 1349 321 1399 set.
345 1329 428 1400 Tum
453 1331 561 1396 omisso
583 1325 756 1410 Armenia,
777 1346 938 1420 ventreque
947 1327 1098 1398 Artabani
1113 1349 1185 1414 res;

252 1447 412 1513 inliciente
426 1443 579 1523 Vitellio,
601 1444 770 1510 &somene
792 1465 916 1530 regem,
934 1467 1057 1513 sanum
1079 1449 1114 1511 in
1125 1460 1185 1534 pn·
1206 1517 1213 1536 ,

251 1579 301 1642 ce,
322 1558 521 1634 devaduems
541 1556 722 1644 prelorum
742 1559 925 1624 exitiorum.
947 1558 1054 1648 Igitur
1068 1559 1185 1627 Sinna·
1212 1601 1214 1608 ,

250 1691 321 1757 ces,
343 1693 435 1762 quem
456 1687 548 1739 anteo
569 1667 722 1738 infensum
743 1673 932 1755 memoravi,
962 1691 1086 1762 petrem
1110 1671 1187 1741 Ab·

252 1785 407 1882 dagesen,
444 1787 582 1878 aliosque
604 1786 743 1856 occultos
772 1786 891 1854 consilii
911 1793 1007 1873 (83),
1042 1787 1078 1856 ἀ
1102 1805 1185 1859 tunc

253 1903 407 1976 continuis
425 1903 559 1974 cladibus
580 1902 803 1992 promptiones,
825 1903 865 1970 ad
888 1898 1091 1972 defedlionem
1115 1923 1185 1974 tra-

255 2021 325 2088 bit:
346 2019 551 2088 adfluentibus
572 2018 750 2108 paullatim,
771 2017 843 2108 qui,
863 2033 953 2087 metu
973 2019 1069 2112 magis
1082 2041 1184 2109 quarn

255 2136 471 2203 benevolentia
491 2133 634 2215 subjedii,
656 2133 789 2228 repertis
803 2132 972 2202 nonoribus
992 2137 1183 2207 sustulerant

253 2251 406 2320 animum.
431 2247 498 2318 Nec
519 2251 582 2329 iam
602 2249 684 2318 aliud
699 2245 862 2317 Artabano
882 2251 1057 2338 reliquum,
1073 2272 1182 2343 quam,

253 2363 354 2454 siqui
383 2378 580 2430 externomm
609 2365 734 2454 corpori
761 2364 903 2436 custodes
930 2365 1086 2448 aderant,
1119 2368 1181 2436 suis

252 2480 379 2570 quisque
400 2477 516 2546 sedibus
538 2493 704 2562 extorres,
732 2482 801 2568 quis
820 2499 922 2567 neque
951 2479 1022 2546 boni
1050 2481 1181 2550 intelle-

254 2595 336 2679 eus,
359 2614 457 2684 oeque
478 2593 550 2660 mali
571 2615 666 2678 cura,
686 2593 742 2662 sed
758 2593 904 2662 mercede
916 2595 1063 2680 aluntur,
1085 2597 1178 2666 mini.

253 2712 313 2780 stri
333 2710 510 2806 sceleribus.
532 2709 595 2778 His
617 2709 803 2801 adsumptis,
824 2711 858 2778 io
878 2709 1177 2804 longinqua&con-

255 2827 387 2894 termino
411 2825 546 2908 Scythia
566 2823 673 2920 fugam
692 2827 880 2908 maturavit,
901 2849 957 2916 spe
969 2828 1073 2896 anxilii
1081 2829 1176 2920 ,quia

241 2925 652 3032 'HyrcanisCarmeniisque
666 2963 723 3036 per
735 2941 951 3012 adfinitatem
941 2967 1070 3016 mucuns
1086 2961 1175 3034 ernt;

254 3073 346 3146 atque
359 3057 485 3126 interim
500 3081 586 3148 posse
601 3057 749 3142 Parthos,
770 3059 940 3130 absentitun
954 3081 1074 3150 mquos,
1089 3083 1174 3152 prae-

254 3169 389 3242 sencibus
409 3173 554 3255 mobiles,
570 3176 611 3242 ad
635 3175 849 3264 penitentiam
870 3177 998 3244 mutari.

312 3284 491 3356 XXXVII.
513 3282 562 3354 At
577 3289 745 3374 Vitellius,
773 3289 906 3382 profugo
926 3287 1116 3376 Artabano,
1136 3289 1171 3360 tit

253 3397 341 3462 flexis
362 3403 400 3468 ad
422 3425 535 3470 novum
557 3425 665 3496 regem
687 3407 1014 3497 populariumanimis,
1035 3409 1169 3478 hortatus
