<?xml version="1.0" encoding="UTF-8"?>
<!DOCTYPE html PUBLIC "-//W3C//DTD XHTML 1.0 Transitional//EN"
    "http://www.w3.org/TR/xhtml1/DTD/xhtml1-transitional.dtd">
<html xmlns="http://www.w3.org/1999/xhtml" xml:lang="en" lang="en">
 <head>
  <title>
</title>
<meta http-equiv="Content-Type" content="text/html;charset=utf-8" />
  <meta name='ocr-system' content='tesseract 3.04.00' />
  <meta name='ocr-capabilities' content='ocr_page ocr_carea ocr_par ocr_line ocrx_word'/>
</head>
<body>
  <div class='ocr_page' id='page_1' title='image "./ccorneliitaciti00brotgoog_0070.png"; bbox 0 0 2446 3942; ppageno 0'>
   <div class='ocr_carea' id='block_1_1' title="bbox 193 221 1005 322">
    <p class='ocr_par' dir='ltr' id='par_1_1' title="bbox 193 221 1005 322">
     <span class='ocr_line' id='line_1_1' title="bbox 193 221 1005 322; baseline -0.01 -16"><span class='ocrx_word' id='word_1_1' title='bbox 193 221 903 322; x_wconf 79' lang='lat' dir='ltr'>AN.U.C.DCCLXVl1.AER.CHR.14.</span> <span class='ocrx_word' id='word_1_2' title='bbox 969 253 1005 311; x_wconf 79' lang='lat'>1⁷</span> 
     </span>
    </p>
   </div>
   <div class='ocr_carea' id='block_1_2' title="bbox 64 368 1104 3366">
    <p class='ocr_par' dir='ltr' id='par_1_2' title="bbox 90 368 1007 596">
     <span class='ocr_line' id='line_1_2' title="bbox 91 368 1007 483; baseline -0.015 -27"><span class='ocrx_word' id='word_1_3' title='bbox 91 368 210 483; x_wconf 77' lang='lat' dir='ltr'>gustam</span> <span class='ocrx_word' id='word_1_4' title='bbox 238 401 361 466; x_wconf 84' lang='lat' dir='ltr'>oraret,</span> <span class='ocrx_word' id='word_1_5' title='bbox 389 385 513 472; x_wconf 76' lang='lat' dir='ltr'>ejusque</span> <span class='ocrx_word' id='word_1_6' title='bbox 542 379 735 446; x_wconf 79' lang='lat' dir='ltr'>curatissimis</span> <span class='ocrx_word' id='word_1_7' title='bbox 764 377 904 471; x_wconf 84' lang='lat' dir='ltr'>precibus</span> <span class='ocrx_word' id='word_1_8' title='bbox 936 388 1007 469; x_wconf 83' lang='lat'>(⁴7)</span> 
     </span>
     <span class='ocr_line' id='line_1_3' title="bbox 90 485 966 596; baseline -0.013 -22"><span class='ocrx_word' id='word_1_9' title='bbox 90 520 324 596; x_wconf 84' lang='lat' dir='ltr'>protegeretur.</span> <span class='ocrx_word' id='word_1_10' title='bbox 962 485 966 496; x_wconf 48' lang='lat'><strong>¹</strong></span> 
     </span>
    </p>

    <p class='ocr_par' dir='ltr' id='par_1_3' title="bbox 86 609 1104 2650">
     <span class='ocr_line' id='line_1_4' title="bbox 147 609 1008 708; baseline -0.008 -21"><span class='ocrx_word' id='word_1_11' title='bbox 147 619 243 688; x_wconf 91' lang='lat' dir='ltr'><strong>XIV.</strong></span> <span class='ocrx_word' id='word_1_12' title='bbox 265 617 373 683; x_wconf 89' lang='lat' dir='ltr'>Multa</span> <span class='ocrx_word' id='word_1_13' title='bbox 396 633 518 706; x_wconf 85' lang='lat' dir='ltr'>patrum</span> <span class='ocrx_word' id='word_1_14' title='bbox 549 611 586 680; x_wconf 83' lang='lat' dir='ltr'>dr</span> <span class='ocrx_word' id='word_1_15' title='bbox 606 613 637 678; x_wconf 88' lang='lat' dir='ltr'>in</span> <span class='ocrx_word' id='word_1_16' title='bbox 660 609 832 708; x_wconf 83' lang='lat' dir='ltr'>Augustam</span> <span class='ocrx_word' id='word_1_17' title='bbox 855 617 1008 684; x_wconf 81' lang='lat' dir='ltr'>adulatio.</span> 
     </span>
     <span class='ocr_line' id='line_1_5' title="bbox 88 729 1010 825; baseline -0.008 -19"><span class='ocrx_word' id='word_1_18' title='bbox 88 735 158 806; x_wconf 84' lang='lat' dir='ltr'>Alii</span> <span class='ocrx_word' id='word_1_19' title='bbox 178 752 337 825; x_wconf 81' lang='lat' dir='ltr'>parentem</span> <span class='ocrx_word' id='word_1_20' title='bbox 360 742 453 819; x_wconf 78' lang='lat'>(48),</span> <span class='ocrx_word' id='word_1_21' title='bbox 483 729 536 794; x_wconf 84' lang='lat' dir='ltr'>alii</span> <span class='ocrx_word' id='word_1_22' title='bbox 557 748 693 795; x_wconf 78' lang='lat' dir='ltr'>matrem</span> <span class='ocrx_word' id='word_1_23' title='bbox 713 737 830 818; x_wconf 66' lang='lat' dir='ltr'>patriae</span> <span class='ocrx_word' id='word_1_24' title='bbox 851 734 1010 820; x_wconf 86' lang='lat' dir='ltr'>appellan-</span> 
     </span>
     <span class='ocr_line' id='line_1_6' title="bbox 90 840 1104 942; baseline -0.009 -22"><span class='ocrx_word' id='word_1_25' title='bbox 90 855 182 939; x_wconf 80' lang='lat' dir='ltr'>dam3</span> <span class='ocrx_word' id='word_1_26' title='bbox 209 853 369 942; x_wconf 82' lang='lat' dir='ltr'>plerique,</span> <span class='ocrx_word' id='word_1_27' title='bbox 397 867 434 912; x_wconf 88' lang='lat' dir='ltr'>ut</span> <span class='ocrx_word' id='word_1_28' title='bbox 463 845 579 910; x_wconf 86' lang='lat' dir='ltr'>nomini</span> <span class='ocrx_word' id='word_1_29' title='bbox 607 843 742 912; x_wconf 80' lang='lat' dir='ltr'>Caesaris</span> <span class='ocrx_word' id='word_1_30' title='bbox 771 848 1012 930; x_wconf 82' lang='lat' dir='ltr'>adscriberetur,</span> <span class='ocrx_word' id='word_1_31' title='bbox 1102 840 1104 850; x_wconf 67' lang='grc'>’</span> 
     </span>
     <span class='ocr_line' id='line_1_7' title="bbox 86 959 1014 1060; baseline -0.009 -24"><span class='ocrx_word' id='word_1_32' title='bbox 86 971 184 1060; x_wconf 79' lang='lat' dir='ltr'>Juliae</span> <span class='ocrx_word' id='word_1_33' title='bbox 200 965 312 1050; x_wconf 76' lang='lat' dir='ltr'>filius,</span> <span class='ocrx_word' id='word_1_34' title='bbox 334 964 516 1030; x_wconf 83' lang='lat' dir='ltr'>censebant.</span> <span class='ocrx_word' id='word_1_35' title='bbox 539 959 816 1030; x_wconf 81' lang='lat' dir='ltr'>lllemoderandos</span> <span class='ocrx_word' id='word_1_36' title='bbox 824 964 1014 1050; x_wconf 68' lang='lat' dir='ltr'>feminarum</span> 
     </span>
     <span class='ocr_line' id='line_1_8' title="bbox 91 1077 1015 1166; baseline -0.009 -12"><span class='ocrx_word' id='word_1_37' title='bbox 91 1085 226 1153; x_wconf 80' lang='lat' dir='ltr'>bonores</span> <span class='ocrx_word' id='word_1_38' title='bbox 249 1081 407 1160; x_wconf 83' lang='lat' dir='ltr'>didlitans,</span> <span class='ocrx_word' id='word_1_39' title='bbox 427 1077 586 1162; x_wconf 79' lang='lat' dir='ltr'>eademque</span> <span class='ocrx_word' id='word_1_40' title='bbox 607 1099 640 1142; x_wconf 84' lang='lat' dir='ltr'>se</span> <span class='ocrx_word' id='word_1_41' title='bbox 661 1085 865 1166; x_wconf 78' lang='lat' dir='ltr'>temperantia</span> <span class='ocrx_word' id='word_1_42' title='bbox 885 1101 1015 1147; x_wconf 83' lang='lat' dir='ltr'>usurum</span> 
     </span>
     <span class='ocr_line' id='line_1_9' title="bbox 92 1193 1019 1283; baseline -0.011 -15"><span class='ocrx_word' id='word_1_43' title='bbox 92 1207 128 1268; x_wconf 85' lang='lat' dir='ltr'>in</span> <span class='ocrx_word' id='word_1_44' title='bbox 150 1198 223 1278; x_wconf 81' lang='lat' dir='ltr'>his,</span> <span class='ocrx_word' id='word_1_45' title='bbox 247 1219 316 1283; x_wconf 82' lang='lat' dir='ltr'>quae</span> <span class='ocrx_word' id='word_1_46' title='bbox 338 1193 398 1262; x_wconf 82' lang='lat' dir='ltr'>sibi</span> <span class='ocrx_word' id='word_1_47' title='bbox 421 1193 633 1259; x_wconf 77' lang='lat' dir='ltr'>tribuerentur</span> <span class='ocrx_word' id='word_1_48' title='bbox 641 1216 654 1276; x_wconf 88' lang='lat'>,·</span> <span class='ocrx_word' id='word_1_49' title='bbox 681 1211 823 1262; x_wconf 89' lang='lat' dir='ltr'>ceterum</span> <span class='ocrx_word' id='word_1_50' title='bbox 846 1195 951 1262; x_wconf 85' lang='lat' dir='ltr'>anxius</span> <span class='ocrx_word' id='word_1_51' title='bbox 971 1195 1019 1258; x_wconf 80' lang='lat' dir='ltr'>in-</span> 
     </span>
     <span class='ocr_line' id='line_1_10' title="bbox 96 1305 1017 1400; baseline -0.009 -19"><span class='ocrx_word' id='word_1_52' title='bbox 96 1314 198 1393; x_wconf 84' lang='lat' dir='ltr'>uidia,</span> <span class='ocrx_word' id='word_1_53' title='bbox 226 1311 261 1378; x_wconf 82' lang='lat' dir='ltr'>dt</span> <span class='ocrx_word' id='word_1_54' title='bbox 289 1311 434 1376; x_wconf 84' lang='lat' dir='ltr'>muliebre</span> <span class='ocrx_word' id='word_1_55' title='bbox 462 1305 618 1400; x_wconf 85' lang='lat' dir='ltr'>fastigium</span> <span class='ocrx_word' id='word_1_56' title='bbox 646 1309 678 1374; x_wconf 90' lang='lat' dir='ltr'>in</span> <span class='ocrx_word' id='word_1_57' title='bbox 708 1309 951 1376; x_wconf 88' lang='lat' dir='ltr'>deminutionem</span> <span class='ocrx_word' id='word_1_58' title='bbox 972 1309 1017 1374; x_wconf 92' lang='lat' dir='ltr'>sui</span> 
     </span>
     <span class='ocr_line' id='line_1_11' title="bbox 97 1425 1015 1517; baseline -0.005 -21"><span class='ocrx_word' id='word_1_59' title='bbox 97 1428 268 1516; x_wconf 84' lang='lat' dir='ltr'>accipiens,</span> <span class='ocrx_word' id='word_1_60' title='bbox 290 1448 329 1491; x_wconf 91' lang='lat' dir='ltr'>ne</span> <span class='ocrx_word' id='word_1_61' title='bbox 351 1425 487 1492; x_wconf 80' lang='lat' dir='ltr'>lidiorem</span> <span class='ocrx_word' id='word_1_62' title='bbox 510 1425 634 1515; x_wconf 85' lang='lat' dir='ltr'>quidem</span> <span class='ocrx_word' id='word_1_63' title='bbox 656 1425 685 1492; x_wconf 92' lang='lat' dir='ltr'>ei</span> <span class='ocrx_word' id='word_1_64' title='bbox 699 1425 823 1495; x_wconf 86' lang='lat' dir='ltr'>decerni</span> <span class='ocrx_word' id='word_1_65' title='bbox 837 1445 939 1517; x_wconf 87' lang='lat' dir='ltr'>passus</span> <span class='ocrx_word' id='word_1_66' title='bbox 951 1443 1015 1492; x_wconf 85' lang='lat' dir='ltr'>est:</span> 
     </span>
     <span class='ocr_line' id='line_1_12' title="bbox 95 1539 1016 1634; baseline -0.002 -22"><span class='ocrx_word' id='word_1_67' title='bbox 95 1567 237 1634; x_wconf 88' lang='lat' dir='ltr'>aramque</span> <span class='ocrx_word' id='word_1_68' title='bbox 254 1543 430 1630; x_wconf 80' lang='lat' dir='ltr'>adoptionis</span> <span class='ocrx_word' id='word_1_69' title='bbox 452 1551 544 1628; x_wconf 76' lang='lat'>(49),</span> <span class='ocrx_word' id='word_1_70' title='bbox 572 1539 607 1608; x_wconf 80' lang='lat' dir='ltr'>dt</span> <span class='ocrx_word' id='word_1_71' title='bbox 636 1543 696 1608; x_wconf 84' lang='lat' dir='ltr'>alia</span> <span class='ocrx_word' id='word_1_72' title='bbox 718 1541 923 1626; x_wconf 86' lang='lat' dir='ltr'>hujuscemodi</span> <span class='ocrx_word' id='word_1_73' title='bbox 945 1566 1016 1632; x_wconf 91' lang='lat' dir='ltr'>pro-</span> 
     </span>
     <span class='ocr_line' id='line_1_13' title="bbox 96 1655 1017 1749; baseline -0.007 -21"><span class='ocrx_word' id='word_1_74' title='bbox 96 1660 208 1728; x_wconf 87' lang='lat' dir='ltr'>hibuit.</span> <span class='ocrx_word' id='word_1_75' title='bbox 245 1655 293 1726; x_wconf 84' lang='lat' dir='ltr'>At</span> <span class='ocrx_word' id='word_1_76' title='bbox 315 1657 503 1726; x_wconf 88' lang='lat' dir='ltr'>Germanico</span> <span class='ocrx_word' id='word_1_77' title='bbox 525 1656 660 1724; x_wconf 82' lang='lat' dir='ltr'>Caesari</span> <span class='ocrx_word' id='word_1_78' title='bbox 674 1662 888 1749; x_wconf 81' lang='lat' dir='ltr'>proconsulare</span> <span class='ocrx_word' id='word_1_79' title='bbox 919 1659 1017 1748; x_wconf 89' lang='lat' dir='ltr'>impe-</span> 
     </span>
     <span class='ocr_line' id='line_1_14' title="bbox 97 1772 1020 1865; baseline -0.007 -24"><span class='ocrx_word' id='word_1_80' title='bbox 97 1777 178 1842; x_wconf 91' lang='lat' dir='ltr'>rium</span> <span class='ocrx_word' id='word_1_81' title='bbox 200 1784 272 1863; x_wconf 84' lang='lat'>(50)</span> <span class='ocrx_word' id='word_1_82' title='bbox 295 1776 426 1862; x_wconf 91' lang='lat' dir='ltr'>petivit,</span> <span class='ocrx_word' id='word_1_83' title='bbox 449 1774 592 1863; x_wconf 73' lang='lat' dir='ltr'>mlesique</span> <span class='ocrx_word' id='word_1_84' title='bbox 621 1775 738 1864; x_wconf 85' lang='lat' dir='ltr'>legati,</span> <span class='ocrx_word' id='word_1_85' title='bbox 767 1777 820 1865; x_wconf 90' lang='lat' dir='ltr'>qui</span> <span class='ocrx_word' id='word_1_86' title='bbox 840 1772 1020 1852; x_wconf 81' lang='lat' dir='ltr'>deferrent,</span> 
     </span>
     <span class='ocr_line' id='line_1_15' title="bbox 98 1886 1021 1976; baseline -0.011 -16"><span class='ocrx_word' id='word_1_87' title='bbox 98 1892 187 1960; x_wconf 88' lang='lat' dir='ltr'>simul</span> <span class='ocrx_word' id='word_1_88' title='bbox 209 1891 386 1956; x_wconf 83' lang='lat' dir='ltr'>rnaestitiarn</span> <span class='ocrx_word' id='word_1_89' title='bbox 408 1893 478 1970; x_wconf 83' lang='lat' dir='ltr'>ejus</span> <span class='ocrx_word' id='word_1_90' title='bbox 497 1891 536 1954; x_wconf 88' lang='lat' dir='ltr'>ob</span> <span class='ocrx_word' id='word_1_91' title='bbox 557 1909 714 1953; x_wconf 76' lang='lat' dir='ltr'>excessum</span> <span class='ocrx_word' id='word_1_92' title='bbox 728 1886 865 1976; x_wconf 84' lang='lat' dir='ltr'>Augusti</span> <span class='ocrx_word' id='word_1_93' title='bbox 887 1887 1021 1950; x_wconf 84' lang='lat' dir='ltr'>solaren-</span> 
     </span>
     <span class='ocr_line' id='line_1_16' title="bbox 98 1999 1024 2094; baseline -0.009 -20"><span class='ocrx_word' id='word_1_94' title='bbox 98 2029 168 2074; x_wconf 88' lang='lat' dir='ltr'>tur.</span> <span class='ocrx_word' id='word_1_95' title='bbox 196 2006 369 2094; x_wconf 79' lang='lat' dir='ltr'>Qrominus</span> <span class='ocrx_word' id='word_1_96' title='bbox 399 2004 482 2068; x_wconf 89' lang='lat' dir='ltr'>idem</span> <span class='ocrx_word' id='word_1_97' title='bbox 511 2025 570 2088; x_wconf 91' lang='lat' dir='ltr'>pro</span> <span class='ocrx_word' id='word_1_98' title='bbox 598 1999 704 2065; x_wconf 85' lang='lat' dir='ltr'>Druso</span> <span class='ocrx_word' id='word_1_99' title='bbox 733 2001 958 2090; x_wconf 87' lang='lat' dir='ltr'>postularetur,</span> <span class='ocrx_word' id='word_1_100' title='bbox 988 2022 1024 2066; x_wconf 88' lang='lat' dir='ltr'>ca</span> 
     </span>
     <span class='ocr_line' id='line_1_17' title="bbox 99 2115 1024 2209; baseline -0.006 -22"><span class='ocrx_word' id='word_1_101' title='bbox 99 2145 210 2202; x_wconf 89' lang='lat' dir='ltr'>causa,</span> <span class='ocrx_word' id='word_1_102' title='bbox 233 2119 312 2209; x_wconf 89' lang='lat' dir='ltr'>quod</span> <span class='ocrx_word' id='word_1_103' title='bbox 335 2118 510 2208; x_wconf 81' lang='lat' dir='ltr'>designatus</span> <span class='ocrx_word' id='word_1_104' title='bbox 531 2115 635 2180; x_wconf 88' lang='lat' dir='ltr'>consul</span> <span class='ocrx_word' id='word_1_105' title='bbox 658 2115 797 2196; x_wconf 87' lang='lat' dir='ltr'>Drusus,</span> <span class='ocrx_word' id='word_1_106' title='bbox 828 2137 1024 2206; x_wconf 79' lang='lat' dir='ltr'>praesensque</span> 
     </span>
     <span class='ocr_line' id='line_1_18' title="bbox 101 2231 1024 2321; baseline -0.007 -17"><span class='ocrx_word' id='word_1_107' title='bbox 101 2253 188 2304; x_wconf 85' lang='lat' dir='ltr'>erat.</span> <span class='ocrx_word' id='word_1_108' title='bbox 213 2233 402 2302; x_wconf 86' lang='lat' dir='ltr'>Candidatos</span> <span class='ocrx_word' id='word_1_109' title='bbox 422 2248 568 2321; x_wconf 76' lang='lat' dir='ltr'>preturae</span> <span class='ocrx_word' id='word_1_110' title='bbox 583 2231 742 2298; x_wconf 87' lang='lat' dir='ltr'>duodecim</span> <span class='ocrx_word' id='word_1_111' title='bbox 757 2233 943 2315; x_wconf 86' lang='lat' dir='ltr'>nominavit,</span> <span class='ocrx_word' id='word_1_112' title='bbox 966 2254 1024 2298; x_wconf 92' lang='lat' dir='ltr'>nu-</span> 
     </span>
     <span class='ocr_line' id='line_1_19' title="bbox 101 2346 1079 2440; baseline -0.014 -20"><span class='ocrx_word' id='word_1_113' title='bbox 101 2363 221 2420; x_wconf 85' lang='lat' dir='ltr'>merum</span> <span class='ocrx_word' id='word_1_114' title='bbox 244 2352 281 2416; x_wconf 86' lang='lat' dir='ltr'>ab</span> <span class='ocrx_word' id='word_1_115' title='bbox 302 2346 448 2440; x_wconf 86' lang='lat' dir='ltr'>Augusto</span> <span class='ocrx_word' id='word_1_116' title='bbox 469 2348 616 2414; x_wconf 85' lang='lat' dir='ltr'>traditum</span> <span class='ocrx_word' id='word_1_117' title='bbox 639 2357 730 2436; x_wconf 80' lang='lat'>(51)=</span> <span class='ocrx_word' id='word_1_118' title='bbox 753 2347 787 2415; x_wconf 77' lang='grc' dir='ltr'>ἀ</span> <span class='ocrx_word' id='word_1_119' title='bbox 810 2349 954 2415; x_wconf 81' lang='lat' dir='ltr'>hortante</span> <span class='ocrx_word' id='word_1_120' title='bbox 975 2369 1024 2415; x_wconf 71' lang='lat' dir='ltr'>se.</span> <span class='ocrx_word' id='word_1_121' title='bbox 1076 2399 1079 2406; x_wconf 92' lang='lat'><em>.</em></span> 
     </span>
     <span class='ocr_line' id='line_1_20' title="bbox 103 2449 1024 2556; baseline -0.005 -21"><span class='ocrx_word' id='word_1_122' title='bbox 103 2485 196 2548; x_wconf 85' lang='lat' dir='ltr'>natu,</span> <span class='ocrx_word' id='word_1_123' title='bbox 227 2485 262 2531; x_wconf 94' lang='lat' dir='ltr'>ut</span> <span class='ocrx_word' id='word_1_124' title='bbox 287 2481 443 2556; x_wconf 41' lang='lat' dir='ltr'>‘augerem</span> <span class='ocrx_word' id='word_1_125' title='bbox 468 2449 663 2545; x_wconf 83' lang='lat' dir='ltr'>jurejurando</span> <span class='ocrx_word' id='word_1_126' title='bbox 680 2465 874 2544; x_wconf 83' lang='lat' dir='ltr'>obstrinxit,</span> <span class='ocrx_word' id='word_1_127' title='bbox 903 2487 935 2530; x_wconf 88' lang='lat' dir='ltr'>se</span> <span class='ocrx_word' id='word_1_128' title='bbox 963 2487 1024 2530; x_wconf 90' lang='lat' dir='ltr'>non</span> 
     </span>
     <span class='ocr_line' id='line_1_21' title="bbox 104 2601 313 2650; baseline -0.019 0"><span class='ocrx_word' id='word_1_129' title='bbox 104 2601 313 2650; x_wconf 76' lang='lat' dir='ltr'>excessurum.</span> 
     </span>
    </p>

    <p class='ocr_par' dir='ltr' id='par_1_4' title="bbox 64 2693 1030 3366">
     <span class='ocr_line' id='line_1_22' title="bbox 162 2693 1027 2789; baseline -0.002 -23"><span class='ocrx_word' id='word_1_130' title='bbox 162 2696 244 2766; x_wconf 85' lang='lat' dir='ltr'>XV.</span> <span class='ocrx_word' id='word_1_131' title='bbox 267 2693 351 2760; x_wconf 92' lang='lat' dir='ltr'>Tum</span> <span class='ocrx_word' id='word_1_132' title='bbox 381 2701 511 2786; x_wconf 85' lang='lat' dir='ltr'>primum</span> <span class='ocrx_word' id='word_1_133' title='bbox 534 2719 553 2764; x_wconf 89' lang='lat' dir='ltr'>e</span> <span class='ocrx_word' id='word_1_134' title='bbox 573 2721 684 2789; x_wconf 88' lang='lat' dir='ltr'>campo</span> <span class='ocrx_word' id='word_1_135' title='bbox 710 2698 834 2764; x_wconf 88' lang='lat' dir='ltr'>comitia</span> <span class='ocrx_word' id='word_1_136' title='bbox 863 2697 901 2764; x_wconf 88' lang='lat' dir='ltr'>ad</span> <span class='ocrx_word' id='word_1_137' title='bbox 924 2714 1027 2788; x_wconf 81' lang='lat' dir='ltr'>patres</span> 
     </span>
     <span class='ocr_line' id='line_1_23' title="bbox 64 2794 1026 2904; baseline -0.004 -19"><span class='ocrx_word' id='word_1_138' title='bbox 64 2880 65 2886; x_wconf 75' lang='grc'>,</span> <span class='ocrx_word' id='word_1_139' title='bbox 103 2815 262 2882; x_wconf 80' lang='lat' dir='ltr'>translata,</span> <span class='ocrx_word' id='word_1_140' title='bbox 279 2827 351 2877; x_wconf 92' lang='lat' dir='ltr'>sunt</span> <span class='ocrx_word' id='word_1_141' title='bbox 375 2821 463 2899; x_wconf 81' lang='lat'>(52).</span> <span class='ocrx_word' id='word_1_142' title='bbox 487 2810 566 2878; x_wconf 89' lang='lat' dir='ltr'>Nam</span> <span class='ocrx_word' id='word_1_143' title='bbox 590 2814 625 2878; x_wconf 90' lang='lat' dir='ltr'>ad</span> <span class='ocrx_word' id='word_1_144' title='bbox 650 2835 718 2878; x_wconf 84' lang='lat' dir='ltr'>eam</span> <span class='ocrx_word' id='word_1_145' title='bbox 741 2815 841 2894; x_wconf 89' lang='lat' dir='ltr'>diem,</span> <span class='ocrx_word' id='word_1_146' title='bbox 863 2794 904 2881; x_wconf 31' lang='lat' dir='ltr'>&#39;dt</span> <span class='ocrx_word' id='word_1_147' title='bbox 926 2815 949 2880; x_wconf 92' lang='lat' dir='ltr'>si</span> <span class='ocrx_word' id='word_1_148' title='bbox 971 2839 1026 2904; x_wconf 91' lang='lat' dir='ltr'>po·</span> 
     </span>
     <span class='ocr_line' id='line_1_24' title="bbox 107 2928 1028 3018; baseline -0.007 -22"><span class='ocrx_word' id='word_1_149' title='bbox 107 2933 222 2996; x_wconf 86' lang='lat' dir='ltr'>tissima</span> <span class='ocrx_word' id='word_1_150' title='bbox 244 2929 371 2994; x_wconf 84' lang='lat' dir='ltr'>arbitrio</span> <span class='ocrx_word' id='word_1_151' title='bbox 393 2928 557 3016; x_wconf 79' lang='lat' dir='ltr'>principis,</span> <span class='ocrx_word' id='word_1_152' title='bbox 580 2929 720 3018; x_wconf 68' lang='lat' dir='ltr'>quedam</span> <span class='ocrx_word' id='word_1_153' title='bbox 735 2949 836 2996; x_wconf 86' lang='lat' dir='ltr'>tamen</span> <span class='ocrx_word' id='word_1_154' title='bbox 851 2930 1028 2997; x_wconf 86' lang='lat' dir='ltr'>studiistri-</span> 
     </span>
     <span class='ocr_line' id='line_1_25' title="bbox 108 3043 1030 3136; baseline -0.009 -23"><span class='ocrx_word' id='word_1_155' title='bbox 108 3051 198 3113; x_wconf 89' lang='lat' dir='ltr'>buum</span> <span class='ocrx_word' id='word_1_156' title='bbox 222 3044 350 3112; x_wconf 88' lang='lat' dir='ltr'>fiebant:</span> <span class='ocrx_word' id='word_1_157' title='bbox 375 3064 481 3135; x_wconf 81' lang='lat' dir='ltr'>neque·</span> <span class='ocrx_word' id='word_1_158' title='bbox 497 3043 625 3133; x_wconf 88' lang='lat' dir='ltr'>populus</span> <span class='ocrx_word' id='word_1_159' title='bbox 647 3045 823 3136; x_wconf 88' lang='lat' dir='ltr'>ademptum</span> <span class='ocrx_word' id='word_1_160' title='bbox 845 3051 891 3128; x_wconf 86' lang='lat' dir='ltr'>jus</span> <span class='ocrx_word' id='word_1_161' title='bbox 904 3061 1030 3136; x_wconf 81' lang='lat' dir='ltr'>questus</span> 
     </span>
     <span class='ocr_line' id='line_1_26' title="bbox 110 3141 1030 3254; baseline -0.003 -27"><span class='ocrx_word' id='word_1_162' title='bbox 110 3180 176 3242; x_wconf 87' lang='lat' dir='ltr'>cst,</span> <span class='ocrx_word' id='word_1_163' title='bbox 198 3161 255 3227; x_wconf 89' lang='lat' dir='ltr'>nisi</span> <span class='ocrx_word' id='word_1_164' title='bbox 278 3161 361 3226; x_wconf 87' lang='lat' dir='ltr'>inani</span> <span class='ocrx_word' id='word_1_165' title='bbox 385 3181 522 3227; x_wconf 85' lang='lat' dir='ltr'>rumore:</span> <span class='ocrx_word' id='word_1_166' title='bbox 554 3157 588 3226; x_wconf 76' lang='grc' dir='ltr'>δε</span> <span class='ocrx_word' id='word_1_167' title='bbox 617 3159 736 3228; x_wconf 83' lang='lat' dir='ltr'>senatus</span> <span class='ocrx_word' id='word_1_168' title='bbox 763 3141 973 3254; x_wconf 76' lang='lat' dir='ltr'>largitionibus</span> <span class='ocrx_word' id='word_1_169' title='bbox 994 3181 1030 3233; x_wconf 82' lang='lat' dir='ltr'>uc</span> 
     </span>
     <span class='ocr_line' id='line_1_27' title="bbox 114 3265 1030 3366; baseline 0.001 -27"><span class='ocrx_word' id='word_1_170' title='bbox 114 3277 249 3366; x_wconf 90' lang='lat' dir='ltr'>precibus</span> <span class='ocrx_word' id='word_1_171' title='bbox 271 3276 395 3342; x_wconf 87' lang='lat' dir='ltr'>sordidis</span> <span class='ocrx_word' id='word_1_172' title='bbox 415 3265 590 3357; x_wconf 44' lang='lat' dir='ltr'>&#39;exsolutum</span> <span class='ocrx_word' id='word_1_173' title='bbox 612 3277 706 3344; x_wconf 90' lang='lat' dir='ltr'>libens</span> <span class='ocrx_word' id='word_1_174' title='bbox 728 3279 849 3358; x_wconf 87' lang='lat' dir='ltr'>tenuit,</span> <span class='ocrx_word' id='word_1_175' title='bbox 869 3275 1030 3342; x_wconf 88' lang='lat' dir='ltr'>moderan-</span> 
     </span>
    </p>
   </div>
   <div class='ocr_carea' id='block_1_3' title="bbox 113 3387 1032 3594">
    <p class='ocr_par' dir='ltr' id='par_1_5' title="bbox 113 3387 1032 3594">
     <span class='ocr_line' id='line_1_28' title="bbox 113 3387 1032 3484; baseline -0.007 -26"><span class='ocrx_word' id='word_1_176' title='bbox 113 3410 148 3458; x_wconf 91' lang='lat' dir='ltr'>te</span> <span class='ocrx_word' id='word_1_177' title='bbox 172 3387 316 3472; x_wconf 77' lang='lat' dir='ltr'>Tiberio,</span> <span class='ocrx_word' id='word_1_178' title='bbox 345 3415 385 3466; x_wconf 84' lang='lat' dir='ltr'>ne</span> <span class='ocrx_word' id='word_1_179' title='bbox 407 3394 530 3483; x_wconf 86' lang='lat' dir='ltr'>plures,</span> <span class='ocrx_word' id='word_1_180' title='bbox 559 3415 651 3484; x_wconf 89' lang='lat' dir='ltr'>quam</span> <span class='ocrx_word' id='word_1_181' title='bbox 678 3411 809 3483; x_wconf 87' lang='lat' dir='ltr'>quatuor</span> <span class='ocrx_word' id='word_1_182' title='bbox 838 3391 1032 3472; x_wconf 83' lang='lat' dir='ltr'>candidatos,</span> 
     </span>
     <span class='ocr_line' id='line_1_29' title="bbox 194 3497 830 3594; baseline 0.009 -22"><span class='ocrx_word' id='word_1_183' title='bbox 194 3513 384 3575; x_wconf 64' lang='lat' dir='ltr'>crium.</span> <span class='ocrx_word' id='word_1_184' title='bbox 486 3539 540 3594; x_wconf 24' lang='lat'>,-</span> <span class='ocrx_word' id='word_1_185' title='bbox 719 3508 746 3572; x_wconf 83' lang='grc' dir='ltr'>Β</span> <span class='ocrx_word' id='word_1_186' title='bbox 818 3497 830 3578; x_wconf 87' lang='lat' dir='ltr'>l</span> 
     </span>
    </p>
   </div>
   <div class='ocr_carea' id='block_1_4' title="bbox 0 0 1252 3942">
    <p class='ocr_par' dir='ltr' id='par_1_6' title="bbox 0 0 1252 3942">
     <span class='ocr_line' id='line_1_30' title="bbox 0 0 1252 3942; baseline 0 0"><span class='ocrx_word' id='word_1_187' title='bbox 0 0 1252 3942; x_wconf 95' lang='lat' dir='ltr'> </span> 
     </span>
    </p>
   </div>
   <div class='ocr_carea' id='block_1_5' title="bbox 397 3795 409 3857">
    <p class='ocr_par' dir='ltr' id='par_1_7' title="bbox 397 3795 409 3857">
     <span class='ocr_line' id='line_1_31' title="bbox 397 3795 409 3857; baseline 0 0"><span class='ocrx_word' id='word_1_188' title='bbox 397 3795 409 3857; x_wconf 69' lang='lat' dir='ltr'>l</span> 
     </span>
    </p>
   </div>
  </div>
 </body>
</html>
