2538 3948
272 281 330 348 „s
548 263 602 336 m
633 259 910 354 araturis.

302 422 375 478 ptura
392 407 483 462 eosiieis
499 405 625 466 Melissi,
641 401 774 478 sepultura
790 400 924 456 invidenti
950 419 997 458 nec
1013 416 1054 457 est
1069 419 1120 466 ,eur
1139 421 1194 457 rna.

299 483 391 536 luerint
408 481 450 534 alii
468 475 646 552 sepulturam,
663 479 706 530 aiii
722 471 872 551 sepulture.
892 477 996 532 Tacitus
1015 477 1042 528 in
1057 477 1139 530 verbo
1152 477 1195 528 irs-

298 551 373 610 video
390 553 460 620 sequi
481 551 563 618 potuit
581 551 727 604 familiarem
747 549 797 600 evi
815 549 855 600 sui
870 565 982 611 morem,
999 566 1075 616 quem
1094 549 1196 617 ubique

298 639 380 682 serrat
398 625 495 676 Plinius
513 625 598 686 junior
615 624 641 674 in
659 623 784 689 epistolis.

264 697 331 774 (74)
351 691 452 752 eratis
469 695 539 750 vite.
564 700 596 747 ln
621 695 710 747 militia
734 695 803 746 cives
822 695 934 746 Romani
959 693 1050 747 vitibus
1073 693 1197 747 verbera.

299 773 409 832 bantur,
426 770 498 822 ceteri
516 767 639 822 fustibus.
659 766 723 820 Inde
740 767 837 819 Plinius
857 785 900 829 η,
911 786 934 819 ι.
949 765 1021 820 Vitis
1037 766 1066 820 irs
1082 761 1196 824 delillr's

298 857 397 918 portam
413 841 495 915 ipsam
511 835 633 894 bonosas.
879 831 881 836 ¹

265 914 332 994 (75)
351 909 450 986 Robora
474 919 677 966 Germanorum.
710 915 751 966 Ex
775 913 910 968 Germanis
935 913 1123 966 validissimos:
1151 908 1198 960 'sio

303 989 371 1042 Hist.
392 1005 420 1048 4,
438 1002 481 1036 22.
499 987 570 1038 Cum
587 979 670 1038 robore
687 989 869 1047 Batavorum,
886 985 904 1037 i.
922 1003 944 1037 e.
961 1001 1021 1037 cum
1039 981 1152 1051 optimis
1171 988 1198 1034 «le

301 1061 399 1114 electis.
1138 1075 1142 1082 ·

267 1131 333 1207 (7⁶)
353 1128 572 1204 Retiojomi.
598 1132 650 1196 Qui
675 1137 788 1186 Drusum
813 1134 938 1195 juvenem
961 1142 1066 1198 regeret,
1091 1135 1119 1180 or
1147 1125 1199 1193 qui

302 1207 357 1260 aliis
375 1207 539 1272 periculorum
558 1217 655 1256 metum
674 1212 699 1256 ur
716 1221 786 1272 spem
805 1207 962 1270 premiorum
978 1213 1130 1254 ostentaret.

268 1281 280 1354 (
285 1277 332 1352 77)
352 1282 444 1347 Neque
460 1271 602 1348 insignibus
611 1271 760 1347 fulgentes.
779 1281 843 1328 Haec
862 1276 971 1344 iusignia
984 1274 1103 1327 videntur
1117 1268 1198 1322 intel-

302 1350 401 1420 ligenda
419 1349 449 1400 de
466 1349 561 1415 signis,
579 1363 636 1416 quae
655 1349 681 1399 in
697 1348 851 1400 rebus'lartis
867 1347 1019 1410 ornabantur
1035 1346 1130 1405 lauru,
1150 1346 1198 1392 lio·

300 1421 367 1475 ribus
384 1429 432 1472 ere.
451 1426 474 1470 oe
493 1419 631 1484 unguentis
649 1417 824 1484 ungebantur.
844 1421 883 1470 Sic
902 1423 972 1472 Anu.
996 1433 1094 1480 ¹5229·
1116 1412 1197 1468 Hinc

299 1491 405 1564 agruim
420 1486 546 1560 legionum
563 1498 654 1540 stetere
661 1483 825 1560 fulgentibus
842 1487 940 1560 aquilis
957 1489 1089 1562 obortisque
1102 1483 1140 1545 (5
1160 1483 1196 1536 tl·

297 1557 420 1618 mulacris
436 1551 511 1612 delon
526 1558 557 1610 iss
572 1554 679 1610 medum
695 1555 800 1630 tortpli.
815 1563 849 1610 At
866 1559 893 1610 in
911 1560 984 1611 rebus
1000 1562 1100 1612 moesus
1119 1558 1197 1624 signa

296 1645 366 1686 erant
383 1629 478 1682 horrida
495 1637 520 1682 ee
538 1629 682 1695 incompta.
703 1635 743 1682 Ira
760 1630 786 1681 in
804 1629 891 1682 fuuue
909 1631 1056 1684 Germanici
1075 1635 1155 1688 Ann.
1171 1647 1199 1690 3,

299 1723 326 1757 2.
345 1695 520 1758 Presedrbarst
536 1699 664 1772 incompta
681 1702 771 1774 signa,
788 1701 855 1755 versi
864 1697 966 1772 fhsses.
1095 1731 1098 1734 -
1171 1697 1173 1700 ’

271 1776 341 1856 (78)
361 1778 456 1830 Portas
473 1767 633 1827 stationibus
645 1771 779 1846 firmant.
803 1773 904 1826 validas
920 1774 1040 1827 stationes
1057 1772 1090 1824 st
1108 1783 1199 1838 portas

301 1863 436 1904 smmum
455 1845 595 1906 collocant,
613 1859 643 1895 ut
660 1863 690 1898 ea
706 1863 731 1896 re
749 1852 862 1900 Drusum
880 1858 1001 1898 terreant.

269 1920 332 1996 (7⁹)
350 1914 458 1974 Vocibus
476 1913 630 1971 trusrslsrstis
647 1928 767 1990 strepere.
786 1918 892 1972 Fiducia
910 1933 1001 1986 nempe
1020 1916 1113 1970 virium
1134 1931 1197 1968 sua-

336 2011 360 2044 m
370 2029 378 2046 Ι

269 2012 333 2141 (illl
352 2077 443 2139 ¹Quem
458 2081 538 2134 moses
549 2063 643 2148 gratie
660 2057 715 2122 lys.
740 2065 825 2128 Cuius
851 2064 880 2114 in
897 2080 927 2114 ea
944 2079 968 2114 re
987 2073 1064 2129 partes
1081 2059 1197 2122 debeant

305 2155 359 2190 esse
378 2135 524 2202 precipua,
542 2151 596 2188 stre
615 2136 789 2204 indulgenter,
813 2153 858 2190 seu
882 2151 965 2188 severe
989 2151 1048 2186 cum
1067 2131 1196 2184 militibus

303 2208 432 2278 agendum
449 2221 530 2258 esset.

270 2279 336 2356 (8ι)
356 2277 401 2338 Ars
416 2276 525 2350 premio
541 2274 588 2330 sub
605 2276 734 2336 dominis.
759 2281 883 2338 Ausolos
901 2279 996 2345 imperii
1012 2277 1115 2330 teliores
1136 2293 1194 2344 pos·

303 2351 377 2406 sede
395 2347 502 2416 praemiis
520 2349 632 2403 militum
649 2351 793 2420 decernere,
811 2368 900 2419 ponas
917 2367 1002 2402 mum
1021 2347 1124 2402 cuii-ibet
1138 2364 1193 2415 per,

275 2461 277 2468 -
304 2423 386 2475 mitti.

269 2494 335 2570 (82)
353 2497 471 2548 Causam
488 2490 632 2550 discordie.
659 2502 696 2550 Ut
719 2513 749 2549 ea
774 2511 899 2548 manuum
926 2490 1060 2546 intentatio
1083 2507 1190 2546 causam

306 2567 431 2622 discordia
450 2565 563 2633 preberet
580 2575 604 2620 or
622 2568 724 2620 initium
742 2583 887 2620 umorum.
1061 2583 1063 2588 ·

270 2637 337 2715 (83)
356 2629 438 2693 Luna
453 2635 520 2693 claro
535 2649 630 2710 repsru
646 2637 705 2694 selo
723 2640 863 2694 uiso-¹Est
881 2638 936 2691 hee
953 2637 1027 2692 lebilo
1051 2653 1067 2689 a
1084 2637 1187 2703 Lipsio.

304 2711 435 2768 Mediceus
451 2711 526 2764 babet
542 2709 649 2768 cluntre
663 2723 746 2785 perso.
766 2711 842 2766 Unde
860 2718 915 2783 Jac.
934 2709 1080 2765 Gronovius
1096 2708 1186 2760 efficie-

305 2785 349 2838 bat
366 2780 432 2839 luno
447 2780 539 2840 cluere
552 2779 628 2857 pona
644 2781 703 2838 celo
717 2785 779 2842 uisa
795 2777 852 2842 loc.

272 2854 338 2929 (84)
359 2859 400 2910 As
416 2855 472 2916 suis
490 2852 635 2912 laboribus.
654 2856 841 2910 Freinshemius
855 2854 919 2906 delet
933 2857 1050 2909 voculam
1063 2869 1111 2914 os,
1129 2868 1189 2919 qua

305 2943 411 2980 sensum
429 2927 527 2982 turbat.
548 2933 580 2982 in
597 2928 760 2998 sequentibus
778 2927 938 2984 Gronovium
957 2925 1062 2980 offendit
1076 2934 1186 2995 rexper-

302 3012 410 3071 μνη,
428 3003 504 3064 cujus
522 3003 579 3054 loco
595 3003 681 3055 mallet
704 3013 834 3073 sugerent.
861 3000 901 3053 Sic
918 3004 988 3053 Asin.
1009 3013 1051 3059 ra,
1071 3011 1113 3048 rr.
1130 3000 1186 3049 ita·

305 3085 353 3145 que
368 3081 464 3144 urgeret
479 3083 573 3146 copta.

271 3139 338 3222 (⁸5)
356 3141 382 3197 li
398 3137 519 3224 vigiliis.
536 3142 660 3216 sigilio,
682 3159 745 3200 teste
763 3145 873 3207 Isidoro,
896 3143 1022 3197 noliurnae
1039 3154 1118 3202 sunt,
1143 3155 1184 3192 ee-

306 3210 387 3270 tubiae
411 3213 529 3270 burnus
552 3219 706 3278 stationes,
730 3235 787 3285 quea
812 3231 871 3270 ante
895 3230 974 3284 portas
998 3213 1121 3284 quidem,
1143 3210 1182 3264 sed

306 3287 393 3352 paullo
410 3285 529 3354 longius,
544 3285 666 3342 custodie
682 3291 710 3340 in
729 3289 788 3357 ipsis
805 3289 880 3356 portis
896 3299 981 3340 erant.
1098 3285 1104 3295 '

265 3355 321 3426 (86
356 3357 501 3428 Denique,
518 3357 535 3408 i.
553 3375 577 3411 e.
596 3376 649 3414 uno
666 3360 759 3424 verbo,
778 3374 873 3412 utrem
892 3360 979 3426 paucis
996 3359 1140 3414 absolvam.

268 3425 320 3496 lis
356 3433 395 3488 Ut
411 3425 552 3489 novissimi
568 3429 599 3484 ir
615 3427 729 3506 ηιΙραιπ.
747 3431 884 3502 Hos-enirn
900 3433 1062 3500 potissimum
1073 3431 1180 3552 apioque

1105 3517 1147 3554 an-
