2474 3944
93 297 878 390 ,·Au.u‚c.occtxx1x.AEu.cHt.2s.
938 331 1000 386 nse
1081 397 1085 406 ,

65 481 182 542 aum,
204 461 375 547 temperiem
398 455 483 552 celi,
503 477 539 522 ae
559 455 639 536 dites
660 459 774 524 circum
795 474 905 526 terras
935 477 1001 526 me·

58 575 260 648 mouebant.

132 689 236 768 LVI.
259 684 307 757 At
315 685 485 770 Smyrnaei,
507 687 640 778 repetita
662 702 838 769 vetustate,
854 709 905 754 sese
919 693 1002 756 Tan·

61 808 189 889 talus,
205 809 290 896 Jove
310 824 424 886 ortus,
446 803 536 885 illos,
565 809 631 872 sioe
651 801 804 886 Theseus,
834 801 941 872 omna
961 803 1004 880 iss

60 927 140 1010 ipse
170 925 290 1011 stirpe,
311 925 377 998 sive
400 924 666 988 senaAmatonum
687 920 890 999 condidisset,
920 931 1006 984 tran,

62 1038 234 1108 scendese
256 1038 295 1103 ad
322 1057 381 1115 ea,
400 1037 469 1123 quis
488 1036 619 1102 maxime
634 1033 785 1117 fidebant,
807 1034 839 1100 in
861 1035 1005 1122 populum

64 1150 268 1226 Romanum
289 1149 412 1230 officiis,
449 1147 538 1216 missa
566 1127 674 1218 ttetvali¹
689 1151 802 1241 copia,
830 1169 893 1216 uon
915 1149 1007 1216 modo

60 1285 217 1335 externa
239 1267 277 1332 ad
299 1264 402 1347 bella,
431 1267 485 1333 sed
508 1259 591 1356 quae'
608 1265 641 1335 iu
663 1263 756 1333 Italia
777 1263 1005 1332 tolerabantur:

64 1403 176 1470 seque
200 1386 320 1470 primos
351 1379 492 1467 templum
520 1379 605 1448 urbis
626 1385 732 1472 Roma
759 1383 929 1464 statuisse,
957 1383 1004 1454 Μ,

65 1501 199 1565 Porcio
220 1496 357 1578 consule3
379 1501 498 1583 magnis
519 1487 639 1584 quidem
660 1501 728 1584 jam
750 1499 880 1566 Romani
899 1494 1004 1588 popuii
1057 1569 1062 1576 ,

66 1612 197 1695 rebus,
224 1611 355 1679 nondum
377 1631 478 1680 tamen
504 1613 548 1680 ed
564 1635 719 1682 summum
748 1613 872 1698 elatis,-
900 1627 1004 1680 stante

66 1727 181 1804 adhue
203 1731 318 1794 Punica
339 1727 432 1809 serbe,
451 1726 496 1802 is·
516 1727 631 1794 validis
649 1745 707 1814 per
730 1731 841 1794 Asiam
862 1727 1002 1816 regibus.

68 1840 183 1910 Simul
204 1847 245 1907 L.
258 1837 377 1907 stellam
406 1854 512 1908 testem
533 1835 731 1922 adserebant,
757 1843 950 1930 grauissimo
971 1846 1004 1907 in

70 1957 265 2023 discrimine
284 1958 453 2035 exercitos,
474 1953 512 2022 ob
533 1959 735 2041 asperitatem
751 1953 882 2030 biensis,
904 1953 1004 2039 bespe-

70 2076 210 2139 esuriam
232 2071 349 2150 vestis,
370 2089 438 2134 cnm
453 2068 490 2133 id
498 2075 667 2150 smyrnam
688 2071 721 2135 in
735 2069 906 2136 concionem
927 2087 1006 2134 nun«.-

72 2193 201 2254 tiateem
208 2183 313 2270 foret,
333 2204 456 2264 omnes,
479 2187 533 2270 qui
544 2181 726 2268 adstabant,
747 2183 915 2252 detraxisse
933 2203 1003 2250 cor-

70 2303 155 2392 pori
179 2302 328 2387 tegmina,
358 2301 537 2386 nostrisque
565 2299 731 2390 legionibus
759 2301 907 2368 misisse.
951 2295 1002 2364 Ita

74 2414 190 2506 rogati
220 2415 406 2484 'sententiam
436 2431 566 2506 patret,
601 2415 774 2498 smyrnaeos
809 2417 999 2506 pretuleree

68 2530 264 2618 censuitque
285 2531 393 2602 Vibius
412 2527 563 2616 Mutus,
595 2551 631 2600 eet
659 2538 704 2600 M.
726 2531 869 2621 Lepido,
896 2535 945 2596 cni
965 2549 1003 2594 ea

72 2647 251 2735 provincia
270 2644 449 2726 obvenerat,
469 2663 562 2734 super
583 2667 743 2716 nannetum
771 2650 863 2732 (13⁶)
884 2644 1003 2729 legare-

79 2777 163 2840 tur,
185 2761 239 2843 qni
260 2759 367 2845 templi
389 2781 496 2836 euram
518 2768 704 2848 susciperet.-
725 2758 760 2826 &
782 2757 852 2849 quie
868 2755 1002 2847 Lepidus

82 2875 152 2963 ipse
182 2873 323 2965 deligere
351 2895 409 2962 pet
436 2873 614 2939 modestiam
643 2873 819 2957 abnuebat,
856 2871 1002 2948 Valerius

84 2986 190 3074 Naso,
208 3011 230 3060 e
251 2987 432 3092 psaetoriis,
458 3001 541 3086 sorte
563 2987 667 3058 missus
687 3003 755 3064 est,
948 3000 950 3006 '
