2446 3942
396 257 727 340 PRAEFnTlo.
925 259 1019 342 xxxi

84 401 229 502 'animus
253 427 397 517 primum
420 427 542 498 linerat:
579 444 615 496 at
649 445 761 513 postea
784 425 885 498 satius
911 427 1021 504 visum

99 560 216 648 quinto
249 577 384 644 quoque
417 552 646 624 Historiarum
677 552 761 624 libro
793 577 893 644 opem
917 553 1021 642 forre,

96 687 133 757 dc
166 687 233 767 iarn
265 681 386 753 narrari
416 697 567 768 coeptum
591 679 906 769 Hierosolymorum
937 705 1020 774 gen·

96 813 205 898 tisque
230 803 375 899 Judaicae
398 805 569 880 excidium
592 806 761 894 prosequi.
786 797 910 876 Cetera
934 807 1018 878 Ves-

96 931 243 1024 passiani,
268 931 364 1020 Titi,
388 929 596 1017 Domitiani,
623 947 723 1018 atque
748 926 881 1000 Nervae'
896 947 1021 1017 tempo-

95 1083 154 1148 ra,
188 1061 232 1130 ad
256 1058 399 1126 alterum
421 1071 526 1142 usque
551 1054 689 1138 Traiani
712 1054 923 1152 consulatum
946 1055 1022 1134 (hic

94 1188 192 1254 enim
217 1201 389 1268 supremus
410 1198 461 1252 est
484 1202 590 1250 annus
613 1201 633 1248 a
660 1181 781 1250 Tacito
805 1195 1023 1264 memoratus,

98 1321 141 1380 ac
173 1306 291 1368 laboris
321 1303 423 1364 nostrl
457 1303 562 1382 finis)
594 1303 687 1366 brevi
718 1309 755 1370 dc
786 1301 1043 1384 compendiosa·

96 1424 292 1512 Appendice
316 1421 481 1490 declarata
506 1438 603 1510 sunt,
636 1443 680 1492 nc
712 1445 798 1511 opus
820 1423 857 1492 in
880 1423 1021 1498 inmen-

92 1571 171 1622 sum
193 1564 366 1618 cresceret.

141 1677 224 1746 Huc
247 1697 326 1744 cum
349 1673 576 1763 devenissem,
600 1697 829 1773 recessumque
854 1697 1023 1764 pararem,

94 1818 134 1869 ut
157 1799 395 1888 amplissimos,
419 1820 504 1887 quos
528 1797 797 1888 destinaveram,
821 1802 946 1870 indices
968 1821 1023 1868 te·

92 1948 229 2014 serem,
254 1924 480 2011 interpellatus
495 1941 570 1992 sum
585 1924 774 1992 multorum
789 1921 950 2009 querelis,
973 1922 1024 1990 di·

91 2051 287 2123 {litantium
312 2045 480 2136 longiores
504 2067 633 2134 moras,
657 2067 797 2133 quarum
812 2045 950 2134 quidem
966 2071 1024 2136 pe-

92 2197 155 2246 nes
179 2193 234 2240 me
259 2166 414 2238 nonfuit
438 2167 629 2257 arbitrium,
660 2164 727 2254 jam
758 2169 857 2242 fuisse
888 2149 1023 2259 iriterje-

90 2300 179 2370 stass
204 2319 308 2366 novas
331 2314 450 2382 sponte
475 2320 546 2364 non
569 2318 638 2368 esse
654 2295 849 2368 nedtendas:
874 2299 1023 2372 multum

91 2424 251 2509 temporis
275 2419 310 2491 in
334 2416 385 2490 his
417 2418 582 2492 indicibus
612 2425 900 2514 consarcinandis,
932 2426 1022 2494 mul-

92 2565 171 2616 tum
196 2548 232 2614 in
256 2547 458 2624 excudendis
482 2545 570 2620 male
603 2551 801 2639 peritumm:
834 2551 1023 2621 consultius

91 2693 164 2742 esse
189 2672 300 2741 statim
324 2675 359 2744 dc
378 2674 430 2772 'tq
444 2691 564 2761 quarto
590 2673 869 2764 volumineopus
883 2677 1021 2746 conclu.

93 2795 192 2864 dere:
235 2811 358 2880 praesto
398 2816 468 2895 esse
507 2799 815 2872 Freinshemianum
854 2803 1022 2891 indicem,
1113 2872 1116 2884 ,

92 2923 240 3023 eumque
264 2921 551 3013 copiosissimum,
575 2931 611 3000 &
635 2927 740 3018 longo
754 2949 818 2998 usu
832 2927 1021 3016 probatum,

93 3049 152 3134 qui
177 3048 291 3128 Taciti
312 3048 513 3120 amatoribus
536 3053 662 3144 affatim
686 3053 846 3145 sufficiat,
872 3079 934 3126 nec
958 3075 1021 3124 no·

94 3173 185 3258 mina
210 3190 345 3244 tantum
370 3179 405 3256 dc
431 3197 499 3268 ree,
523 3179 580 3248 sed
606 3177 703 3249 verba
718 3185 753 3254 δι
769 3183 949 3253 sententias
965 3173 1022 3248 ab·

95 3286 187 3364 unde
212 3302 414 3390 suppeditet.
448 3303 705 3402 Obtemperari,
737 3331 781 3379 ne
806 3304 927 3374 laboris
948 3325 1022 3394 per.

95 3421 218 3494 tinacia
251 3425 287 3496 in
310 3429 460 3516 segnitia
492 3429 615 3510 famam
638 3432 724 3506 mihi
757 3445 916 3520 verteret;
948 3429 1020 3506 lau.

682 3577 700 3619 C
725 3579 744 3621 2
