2446 3942
196 242 907 326 suueocctxvrrmucrrun.
970 279 1006 334 ³³

81 389 195 470 Fuere
222 401 336 480 etiam,
365 397 418 488 qui
448 399 585 490 legatam
616 397 724 464 adiro
746 394 894 492 Augusto
914 419 1010 488 pecu-

83 519 175 584 niam
201 531 420 610 reposcerent,
447 510 554 580 faustis
582 512 616 578 in
646 512 868 584 Germanicum
897 517 1009 584 omini-

81 636 143 701 bus
165 641 277 721 (112)t
298 629 354 712 dt,
375 631 400 694 si
415 629 513 696 vellet
527 629 711 717 imperium,
734 649 889 721 promptos
902 649 1009 700 osten·

80 768 218 818 tavers.
245 746 330 815 Tum
354 768 446 826 vero,
474 744 558 834 quasi
582 745 701 813 scelere
727 748 1010 831 contaminaretur,

81 887 230 957 praeceps
252 862 400 932 tribunali
423 859 563 927 desiluit:
588 879 793 951 opposuerunt
815 863 940 928 abeunti
961 885 1010 931 ar-

80 967 158 1064 ma,
181 983 382 1058 minitantes,
412 978 444 1042 ni
466 975 704 1067 regrederetur.
732 972 782 1044 At
801 978 857 1044 ille
878 983 1011 1046 moritu·

80 1119 162 1165 rum
182 1103 312 1186 potius,
334 1113 427 1179 quum
440 1087 536 1176 fidem
550 1111 682 1160 v:erueret
695 1093 874 1176 clamitans,
895 1091 1011 1162 sermm

80 1214 233 1281 alatere
262 1209 409 1298 diripuit,
437 1210 618 1298 elatumque
644 1206 805 1276 deferebat
834 1211 868 1276 in
889 1209 1013 1300 pedus,

82 1330 123 1396 ni
149 1327 278 1417 proximi
298 1346 438 1415 prensam
459 1325 601 1392 dextram
624 1325 654 1392 ui
683 1324 901 1392 attinuissent.
945 1325 1012 1392 Ex·

83 1463 190 1510 tremo
212 1440 449 1532 &conglobata
471 1427 556 1508 inter
577 1463 611 1506 se
630 1442 884 1532 pantomimis,
906 1465 944 1510 ac
957 1443 1010 1510 rix

78 1559 234 1626 credibile
254 1557 354 1638 diuo,
383 1557 505 1647 quidam
526 1557 640 1650 singuli
664 1558 794 1650 propiu's,
809 1559 1009 1642 incedentes,

72 1675 216 1764 firiret,
238 1673 456 1741 hortabantur:
479 1673 514 1742 ὃ(
535 1674 646 1756 miles,
669 1675 793 1742 nomine
813 1674 1009 1758 Clausidius‚

80 1789 222 1857 striilum
251 1789 364 1858 obtulit
393 1791 550 1880 gladium,
579 1789 702 1870 addito,
729 1793 898 1857 acutiorem
926 1812 1010 1856 esse.

80 1907 209 1976 Saevum
231 1906 281 1988 id,
303 1906 437 1993 malique
460 1907 571 1984 moris,
592 1906 689 1969 etiam
711 1901 883 1968 furentibus
898 1903 1013 1988 visum3

80 2047 121 2091 sc
143 2023 278 2114 spatium
299 2018 380 2100 fuit,
411 2041 474 2106 quo
495 2014 605 2090 Caesat
633 2017 670 2082 ab
691 2014 796 2090 amicis
816 2015 849 2086 in
871 2015 1013 2093 taberna·

77 2140 192 2204 culum
215 2151 395 2226 raperetur.

146 2249 310 2321 XXXVI.
334 2247 553 2317 Consultatum
582 2250 685 2332 ibide
707 2251 861 2320 remedio:
891 2249 1011 2320 ursin

82 2368 286 2440 nuntiabatur
303 2370 419 2454 parari
441 2366 576 2455 legator,
606 2373 661 2454 qui
674 2365 872 2457 superiorem
892 2371 1011 2438 euerti-

81 2507 154 2554 rum
175 2486 218 2551 ad
235 2505 360 2552 causam
381 2485 516 2551 eamdem
538 2482 721 2552 traherent:
748 2485 937 2553 destinatum
950 2503 1011 2550 ex-

82 2603 166 2669 sidio
188 2599 335 2666 Ubiorum
363 2599 527 2688 oppidum:
556 2602 753 2688 imbutusque
781 2605 878 2689 (ιη)
903 2596 1012 2686 praeda

81 2737 218 2796 manus,
241 2717 274 2778 in
296 2715 496 2801 direptionem
516 2718 694 2784 Galliarum
723 2731 913 2804 erupturas.
941 2707 1012 2779 Au-

85 2835 181 2927 gebat
211 2845 331 2895 metum
361 2851 474 2920 gnarus
504 2828 661 2898 Romanae
687 2830 863 2912 seditionis,
896 2827 950 2912 dt,
984 2829 1010 2895 si

86 2950 294 3016 omitteretur
317 2946 407 3033 ripa,
430 2945 588 3012 invasurus
608 2945 718 3012 hostis.
743 2942 790 3012 At
812 2947 836 3012 si
850 2945 961 3014 auxilia
975 2943 1011 3012 dt

90 3065 163 3132 socii
187 3063 349 3130 adversum
365 3061 565 3128 abscedentes
580 3059 719 3153 legiones
733 3081 944 3144 armarentur,
966 3059 1012 3126 ci-

89 3181 153 3248 uile
175 3180 289 3246 bellum
313 3177 443 3269 suscipi.
466 3176 641 3250 Periculosa
663 3181 828 3263 severitas,
858 3175 1012 3268 flagitiosa

91 3295 232 3384 largitio:
262 3317 318 3362 scu
348 3293 425 3361 nihil
456 3293 570 3378 militi,
599 3317 652 3362 seu
680 3299 783 3365 omnia
805 3289 1012 3386 concederen-

94 3426 170 3490 tur,
192 3409 224 3474 io
243 3411 373 3500 ancipiti
395 3410 580 3505 respublica.
605 3411 728 3506 Igitur,
760 3407 905 3477 volutatis
926 3388 1010 3474 intio

169 3530 360 3600 &Taum
687 3525 719 3594 C
